1456 2508
227 115 289 150 304

605 118 645 157 Q.
671 116 854 148 HORATH
878 119 1031 150 FLACCI

326 176 563 221 Quocunque
583 172 722 210 lectum
737 174 889 211 nomine
910 174 925 197 3
941 175 1145 214 Massicum

327 235 475 278 Sei-vas,
501 233 646 269 moveri
664 233 777 283 digna
793 234 895 272 bono
911 235 992 282 die,

377 292 590 339 Descende,
607 294 774 330 Corvino
787 294 966 344 jubente,

429 355 606 389 Promere
622 354 859 403 languidiora
871 355 970 392 vina.

325 413 411 447 Non
430 411 509 457 illc,
530 414 758 462 quamquam
778 415 979 453 Socraticis
995 416 1122 454 madet

324 472 570 509 Ser-monibus
589 472 616 519 4,
636 482 673 510 te
691 473 856 525 negliget
869 475 1069 523 horridus;
1377 495 1407 511 10

375 533 562 568 Narratur
579 541 616 569 et
631 534 746 582 prisci
763 535 915 572 Catonis

427 593 535 640 Saepe
553 604 658 628 mero
678 593 835 631 caluisse
853 595 983 632 virtus.

321 652 377 686 Tu
400 650 482 686 lenc
498 658 729 688 tormentum
746 653 898 702 ingenio
917 653 1116 699 admoves,

213 825 334 854 nuntia.
352 825 422 854 Hoc
444 823 620 864 epitheton,
635 823 695 864 pia
705 847 715 862 ‚
734 825 778 855 fe-

213 869 306 900 licius
319 877 478 900 mutuatus
494 877 540 900 est
561 870 635 901 clar.
656 871 697 901 V.
721 872 778 901 Be-

213 918 330 958 nignus
354 917 503 952 Grenau,
519 917 554 946 iu
573 915 632 946 ode
653 915 692 946 de
714 919 780 947 vini

213 962 380 1004 Burgundi
391 962 541 992 laudibus
556 972 564 993 :
582 965 683 1004 Perge
695 962 781 993 vica-

214 1009 249 1045 li,
255 1009 315 1050 pia
329 1016 422 1045 tesca,
438 1019 529 1038 succo
544 1008 700 1049 Principis
716 1020 781 1039 cor-

209 1067 270 1096 pus
285 1063 436 1098 ‘vegetum
458 1055 557 1092 tueri,
584 1055 697 1092 Salva,
718 1066 780 1096 quo

213 1102 317 1138 salvo,
334 1100 413 1131 benc}
435 1108 559 1131 temnat
577 1111 684 1131 omnes
705 1102 781 1132 Gal-

213 1148 259 1179 lia
278 1159 379 1178 casus.
395 1147 574 1178 Ludowcus
583 1149 645 1178 XV
654 1148 780 1178 nullum

212 1195 299 1225 aliud
329 1195 390 1224 uisi
425 1193 634 1234 Burgundum
670 1195 780 1225 viuum

213 1241 323 1271 bibere
337 1242 526 1270 insueverat.

262 1288 293 1318 3.
305 1289 499 1328 Quocunque
508 1285 621 1315 lectum
634 1285 762 1316 nomine
770 1298 781 1317 .·

213 1333 286 1364 vide
298 1331 394 1374 supra
409 1338 476 1362 not.
493 1342 520 1363 1.
534 1349 582 1355 --
596 1333 762 1363 Descende
771 1344 781 1363 :

214 1381 342 1421 propria
359 1389 441 1416 vox,
459 1385 495 1408 nt
510 1378 575 1417 jam
598 1389 669 1409 non
687 1379 784 1410 semel

214 1426 363 1457 vidimus.
378 1426 462 1456 vina
479 1425 563 1455 enim
587 1426 620 1455 in
636 1425 780 1456 editiori-

215 1472 275 1503 bus
287 1470 400 1503 domus
414 1471 493 1502 loeis
508 1478 639 1510 servata,
653 1472 718 1502 illic
729 1472 780 1502 fu-

214 1530 302 1549 mum
324 1517 433 1548 bibere
455 1524 486 1548 et
503 1525 710 1548 maturescere
733 1520 781 1548 in-

213 1563 620 1595 stituebantur.-Corvino
630 1564 758 1604 jubente
771 1575 782 1595 .·

214 1618 320 1642 tantus
333 1610 416 1640 enim
433 1611 492 1647 vir,
506 1608 580 1640 ciim
597 1620 663 1640 sese
676 1611 781 1651 ipsum

214 1658 251 1688 :ul
283 1667 404 1687 coenam
425 1657 634 1693 invitaverat,
653 1658 780 1695 jussisse

213 1702 660 1744 videbatur.-Languidiora
673 1702 758 1733 vina
768 1714 779 1733 .·

212 1750 285 1781 vide
298 1748 394 1789 supr-¹¹1
410 1748 449 1778 ad
462 1756 529 1779 not.
549 1759 576 1779 1.

261 1803 292 1833 4.
313 1795 516 1836 Quamquc'tm
531 1794 698 1825 Socraticis
714 1806 782 1825 ma·

215 1843 269 1873 det
284 1841 485 1872 Sermonibus
498 1853 509 1871 .·
527 1843 685 1872 Socratica
698 1843 782 1871 euim

214 1888 417 1930 philosophia
426 1889 664 1928 temperantiam
674 1894 705 1917 et
715 1898 783 1918 mo·

215 1935 347 1965 destiam
370 1933 538 1971 suadebat,
557 1943 624 1964 non
647 1934 722 1964 vero
737 1935 779 1963 ri-

216 1981 322 2023 gidam
356 1980 536 2011 Stoicorum
572 1981 779 2011 severitatem.

215 2027 349 2058 Madere
362 2026 478 2057 dicitur
488 2026 698 2067 philosophia,
708 2026 782 2056 doc-

216 2073 317 2111 trina,
333 2071 513 2113 eloquentia
530 2073 726 2113 quicumque
743 2073 781 2102 iis

215 2120 336 2150 artibus
350 2120 408 2150 rite
423 2118 566 2148 imbutus
583 2125 639 2149 est.
662 2118 698 2148 Si
709 2118 779 2159 quis

220 2165 377 2206 Cecropia,⁹
389 2165 537 2195 madidus
546 2164 711 2206 Latiaeque
721 2164 778 2195 Mi-

218 2223 321 2244 ncmae
335 2211 462 2242 Artibus
471 2223 484 2248 ,-
502 2211 638 2242 Martial.
655 2213 686 2249 Ι,
713 2216 755 2247 4ο
766 2234 774 2249 ,

835 826 866 856 3.
876 842 923 848 -
937 825 1088 868 Negliget
1101 824 1245 856 horridas
1257 837 1274 855 :i
1287 833 1328 857 tet
1336 827 1402 859 rico

833 872 926 902 vultu
963 871 1192 913 aspernabitur.
1225 889 1270 898 --·
1298 873 1402 904 Prisci

836 917 965 948 Catonis
992 928 1000 949 :
1026 925 1114 956 uter,
1143 917 1184 950 an
1210 919 1399 957 Censorius,

834 963 875 994 an
898 965 1054 995 Uticensis
1077 965 1158 995 Cato
1191 964 1242 995 hic
1271 965 1310 995 ab
1338 967 1403 996 Ho-

834 1011 915 1040 ratio
939 1010 1172 1051 designaretur,
1195 1011 1279 1042 inter
1305 1012 1401 1042 inter-

819 1062 939 1096 ·pretes
953 1055 1135 1088 dubitatum
1148 1063 1205 1088 est.
1216 1059 1264 1088 De
1279 1057 1398 1090 Catone

835 1102 988 1134 Censorio
1021 1103 1261 1146 intelligendum
1292 1103 1401 1134 locum

834 1159 899 1179 esse
922 1149 1012 1180 facile
1033 1149 1242 1188 crediderint,
1256 1151 1400 1191 quicum·

835 1206 897 1235 que
922 1196 1076 1236 respicere
1093 1197 1200 1227 volent
1218 1195 1258 1226 ad
1279 1196 1399 1237 epithe-

835 1241 914 1272 thon
937 1241 1039 1280 illud,
1059 1242 1176 1280 Prisci,
1206 1241 1293 1283 quod
1320 1242 1402 1273 nulli

836 1287 887 1317 alii
906 1286 1001 1328 quam
1018 1288 1119 1328 priori
1143 1288 1194 1318 vel
1215 1289 1327 1327 majori
1346 1289 1403 1320 Ca-

835 1334 904 1364 toni
936 1335 1113 1365 conveniet.
1137 1334 1288 1375 Quamvis
1316 1334 1400 1366 enim

835 1379 1035 1410 sobrietatem
1066 1379 1280 1421 profiteretur,
1305 1381 1401 1422 paulo

833 1424 967 1456 nimium
990 1427 1066 1456 vino
1087 1426 1214 1457 deditus
1236 1426 1333 1458 fuisse
1361 1427 1400 1457 ab

833 1471 1017 1502 adversariis
1034 1473 1098 1503 suis
1120 1472 1320 1503 insimulatus
1343 1480 1399 1504 est.

833 1520 1025 1550 DActans.
1035 1520 1176 1550 —Mero
1187 1518 1322 1549 caluisse
1336 1519 1402 1551 vir-

833 1572 880 1594 eas
895 1576 906 1595 :
920 1566 1076 1605 exquisita
1087 1565 1141 1595 illa
1157 1576 1237 1603 vox,
1250 1565 1400 1596 caluisse!

834 1612 1006 1652 Proprium
1027 1612 1112 1641 enim
1139 1612 1207 1642 viui
1235 1618 1297 1649 est,
1320 1611 1400 1642 calo-

834 1667 900 1686 rem
921 1658 1048 1697 corpori
1063 1655 1159 1688 simizl
1177 1664 1208 1687 et
1222 1658 1328 1688 animo
1347 1658 1400 1688 acl-

834 1702 908 1733 dere
918 1726 926 1740 ,
951 1703 1077 1733 virtutis
1093 1703 1196 1734 autem
1211 1714 1248 1734 ea
1265 1703 1323 1735 dos
1336 1710 1399 1742 est,

834 1756 870 1779 ut
887 1757 1059 1790 utrumque
1077 1756 1231 1790 temperet
1246 1756 1278 1780 et
1295 1749 1400 1781 mode-

835 1802 934 1826 retur.
944 1797 1046 1827 Nemo
1058 1797 1157 1827 nescit
1164 1796 1252 1826 hunc
1264 1795 1371 1827 locum
1381 1796 1399 1827 ἐι

834 1842 865 1872 J.
876 1843 911 1872 B.
928 1844 1058 1873 Russaeo
1071 1841 1202 1872 feliciter
1215 1852 1398 1883 expressum

833 1887 926 1918 fuisse
943 1897 951 1918 ε
977 1890 1025 1918 La
1038 1895 1131 1918 verta
1154 1888 1197 1918 du
1219 1888 1322 1919 vieux
1341 1888 1400 1919 Ca-

834 1941 888 1964 τοη
898 1956 907 1970 ,
949 1933 1032 1964 Ghez
1071 1934 1116 1964 les
1145 1934 1296 1965 Romaim
1328 1941 1398 1964 tanc

828 1978 968 2020 pro'ne'e,
987 1979 1074 2010 Ειοιί
1085 1988 1230 2017 somene,
1248 1991 1327 2011 nous
1341 1979 1399 2010 die-

834 2037 892 2064 on,
909 2028 959 2057 De
978 2027 1114 2057 Falerne
1128 2026 1318 2058 enlumine'e.
1337 2028 1397 2057 Hic

834 2073 956 2110 tamen,
974 2074 1140 2114 proximus
1162 2074 1294 2104 Horatio
1305 2095 1315 2111 ‚
1326 2073 1396 2104 lon-

833 2129 873 2159 go
891 2118 946 2149 sed
963 2120 1128 2159 proximus
1140 2119 1307 2150 intervallo
1320 2118 1396 2149 mihi

831 2164 957 2195 videtur
970 2173 1063 2206 poeta
1073 2165 1399 2207 Gallicus.1maginem

830 2210 952 2242 tantum
969 2211 1063 2242 refert
1085 2221 1149 2242 vox
1171 2211 1223 2242 illa
1240 2221 1248 2243 ε
1269 2209 1398 2243 enlmni·
