1456 2508
499 109 580 141 Lm.
604 109 654 139 111
678 106 767 140 oDE
789 107 916 139 xvm.
1259 103 1326 146 295

213 169 254 208 Si
274 177 381 207 tener
398 167 512 218 pleno
531 165 634 204 cadit
651 165 786 203 haedus
803 177 904 203 anuo
926 171 952 213 2,
1307 170 1323 196 5

215 230 344 280 Larga
357 241 430 266 nec
445 227 584 267 desunt
596 227 757 266 Veneris
775 225 899 264 sodali

214 289 315 328 Vina
333 298 513 336 craterae,
530 297 642 326 vetus
661 300 727 325 ara
744 288 866 325 multo

428 353 564 389 Fumat
582 349 715 387 odore.

217 410 334 449 Ludit
351 409 520 449 herboso
539 423 658 461 pecus
678 421 791 446 omne
811 419 968 460 campo,

220 474 350 522 Quum
368 470 440 510 tibi
458 474 578 509 Nonae
597 469 761 508 redeunt
779 468 1013 507 Decembres
1037 468 1066 516 ³,
1293 483 1324 500 ιο

217 536 350 571 Festus
371 533 410 571 in
429 532 549 583 pratis
567 539 679 569 vacat
696 531 822 569 otioso

426 596 523 631 Cum
540 592 641 631 bove
662 605 797 643 pagus.

218 657 324 692 Inter
343 653 505 692 audaces
524 653 638 704 lupus
658 660 761 690 errat
780 666 897 703 agnos
919 653 947 700 4,

218 715 371 766 Spargit
387 723 553 766 agrestes
572 713 642 752 tibi
662 715 769 763 sylva
789 714 964 763 frondes,

217 775 371 814 Gaudet
386 776 548 814 invisam
567 775 758 826 pepulisse
776 774 900 813 fossor
1290 783 1321 809 25

429 839 506 874 Ter
519 835 618 888 pede
637 843 791 874 terram.

159 977 191 999 2.
213 966 314 998 Pleno
345 978 436 998 anno
459 978 470 997 :
493 967 686 1008 quotannis;

109 1012 281 1056 postquam
296 1024 399 1045 annus
413 1014 573 1045 circulum
591 1025 686 1044 suum

110 1059 478 1103 complevit—Veneris
493 1060 603 1092 sodali
615 1071 686 1091 cra-

109 1114 188 1139 teroe
211 1117 224 1137 .·
248 1114 363 1139 notum
378 1109 513 1140 Veneris
546 1114 579 1138 et
606 1109 683 1139 Bac-

109 1153 164 1186 ehi
181 1156 392 1186 consortium.
409 1157 522 1186 Innuit
538 1162 632 1197 poeta
650 1166 683 1186 se

106 1212 175 1233 non
185 1201 396 1233 libationibus
403 1201 510 1234 solinu
518 1225 527 1241 ,
535 1202 591 1233 sed
605 1213 684 1234 ama-

107 1249 198 1280 toriis
223 1249 509 1280 exemitationihus
533 1249 684 1280 Faunalia

106 1295 277 1328 celebrare.
292 1314 338 1319 —
348 1298 445 1327 Vetus
457 1307 517 1326 ara
530 1307 542 1327 .·
557 1307 625 1327 non
638 1307 684 1327 re-

107 1342 236 1381 center,
254 1343 310 1374 sed
323 1343 434 1374 multis
448 1342 514 1382 jam
537 1344 614 1374 inde
628 1343 682 1375 ab·

105 1389 183 1421 hine
199 1391 291 1423 annis
303 1392 340 1421 in
354 1390 511 1421 honorem
525 1398 618 1420 tuum
631 1391 682 1421 in-

106 1437 227 1469 stituta.
243 1437 295 1468 Sic
305 1438 432 1480 pietatis
444 1448 510 1468 suae
524 1444 617 1479 auget
634 1439 682 1468 iu-

107 1484 239 1516 dicium.

154 1531 185 1563 3.
205 1532 314 1563 Nonae
340 1530 532 1562 Decembres
553 1541 565 1561 :
594 1531 680 1562 diem

105 1578 255 1618 quintum
264 1579 381 1609 mensis
389 1577 576 1609 Decembris
590 1579 681 1609 imel-

106 1623 194 1667 ligii,
209 1636 275 1668 quo
291 1633 434 1667 tempore
446 1635 555 1668 greges
570 1626 604 1656 in
618 1633 681 1656 sta-

84 1670 184 1710 )›ula
196 1671 212 1702 ὲ
227 1674 350 1714 pascuis
360 1673 498 1703 revocati
508 1679 593 1704 sunt.
605 1672 681 1711 Sed,

105 1718 298 1750 Faunalium
323 1719 375 1750 die
385 1742 394 1757 ‚
423 1719 570 1750 libertate
593 1719 680 1750 frue-

105 1762 242 1805 bantur,
259 1773 291 1798 et
311 1768 383 1808 pagi
398 1767 514 1797 iucolae
535 1776 610 1796 cum
627 1777 683 1808 pe-

106 1812 239 1844 coribus
253 1814 320 1844 otio
334 1813 556 1856 indulgebant.

155 1864 187 1896 6.
210 1860 303 1892 Inter
317 1861 457 1891 audaces
474 1860 570 1902 lupus
595 1867 682 1890 errae

106 1915 210 1948 agnos
227 1917 239 1937 .·
261 1908 346 1939 iuter
371 1918 488 1950 agnos,
503 1908 551 1938 tui
572 1908 680 1937 numi-

105 1953 156 1985 nis
183 1954 333 1996 praesidio
364 1954 460 1987 fretos
470 1978 479 1994 ‚
506 1964 566 1985 nec
582 1954 678 1995 quid-

741 976 838 1008 quam
850 962 868 996 «¹³
882 964 1036 1007 lnporum
1052 963 1157 1002 rabie,
1169 973 1227 1006 per
1239 963 1319 995 Fau-

740 1013 823 1044 nalia
838 1019 1028 1043 metuentes.
1039 1012 1090 1043 Sic
1099 1022 1189 1053 supr.
1203 1009 1266 1043 Od.
1279 1012 1296 1041 1
1306 1033 1316 1048 ,

744 1071 782 1099 17
796 1083 804 1098 ‚
827 1060 867 1090 15
878 1071 889 1090 .-
909 1058 1044 1101 Impune
1062 1065 1164 1090 tutum
1181 1068 1246 1100 per
1263 1068 1319 1089 ne-

738 1118 809 1137 mus
833 1106 960 1138 arbutos
987 1107 1144 1147 Quoemnt
1165 1105 1316 1138 latentes.

738 1154 788 1186 Sic
801 1153 887 1196 apud
899 1153 1091 1195 Virgilium,
1100 1152 1168 1184 Ecl.
1181 1154 1241 1192 IV,
1253 1162 1296 1184 22
1308 1163 1317 1185 τ

738 1202 812 1232 Nec
835 1211 974 1243 magnos
995 1208 1140 1232 metuent
1165 1207 1318 1232 armenta

737 1247 858 1280 leones.
874 1265 922 1272 —-
939 1247 1073 1290 Spargit
1096 1254 1240 1290 agrestes
1261 1247 1318 1278 aba·

736 1295 825 1334 sylva
837 1294 979 1338 frondes
995 1306 1008 1325 .·
1025 1294 1103 1326 folia
1127 1304 1238 1326 mense
1250 1295 1316 1326 De-

738 1342 860 1373 cembri
871 1365 879 1381 ‚
909 1353 976 1384 prae
1002 1341 1122 1384 frigore
1147 1349 1179 1373 et
1204 1339 1319 1384 suapte

736 1389 852 1420 natura
874 1389 1008 1420 decidua
1020 1412 1030 1427 ‚
1049 1389 1068 1420 ὲ
1089 1388 1262 1420 frondibus
1281 1390 1318 1422 in

737 1443 852 1467 terram
864 1459 872 1475 ,
899 1434 1074 1468 honorifici
1091 1435 1318 1468 substraminis

736 1482 829 1514 causa
839 1506 849 1522 ,
864 1494 922 1525 per
936 1482 1089 1515 Fannalia
1103 1482 1228 1522 delabi,
1242 1493 1318 1525 poo-

736 1531 799 1561 tiee
818 1529 912 1572 fingit
926 1531 1091 1562 Horatius.
1105 1547 1155 1555 —-
1167 1531 1284 1562 Fossor
1299 1543 1311 1562 .-

734 1577 791 1620 qui
807 1578 949 1615 vineam,
962 1578 1126 1620 praecipue
1139 1577 1295 1610 fodiendo
1305 1601 1314 1617 ,

734 1624 865 1655 excolit.
876 1625 1007 1656 -Τὲνε
1022 1624 1107 1656 iliud
1122 1624 1314 1658 adverbium

735 1670 774 1701 ad
792 1671 882 1713 pedis
896 1672 998 1710 ictus,
1013 1679 1045 1704 et
1058 1672 1235 1704 saltationis
1256 1682 1317 1704 nu·

734 1729 840 1749 meros
869 1718 1076 1750 referendum
1103 1726 1160 1751 est.
1176 1720 1314 1762 Triplici

735 1765 821 1796 enim
837 1766 931 1807 pulsu
941 1789 950 1804 ,
964 1767 1144 1798 saltationis
1165 1777 1312 1799 mensura

732 1812 832 1854 vulgo
848 1819 980 1844 notatur
989 1813 1002 1855 (
1012 1814 1046 1844 la
1057 1824 1181 1846 mes-ure
1199 1814 1222 1845 ὰ
1234 1814 1313 1845 crois

733 1859 860 1900 temps).
877 1878 925 1884 —·
939 1861 1083 1892 Invisum
1099 1873 1111 1892 .·
1126 1871 1311 1895 annuorum

730 1906 893 1947 laborum,
903 1915 935 1940 et
946 1908 1020 1941 ideo
1033 1907 1082 1941 tot
1092 1919 1309 1941 aerumnarum

734 1964 871 1986 causam.
