1456 2508
168 138 207 158 ιο
549 130 589 168 Q.
615 125 799 158 nomm
823 125 975 157 FLAcm

169 201 183 223 1
192 199 226 224 o.
242 189 383 223 Versus
400 185 725 235 Aristophanicus,
741 197 769 221 s.
787 182 1065 221 choriambicus
1081 182 1239 221 dimeter
1252 192 1352 221 cata-

225 247 342 285 lectus
357 246 395 284 in
411 243 734 296 amphibrachyn(
749 260 772 277 υ
787 262 819 268 -
833 262 857 277 υ
870 243 884 295 )
895 252 961 281 aut
974 242 1175 282 bacchium
1189 243 1204 296 (
1217 258 1243 278 υ
1255 266 1287 273 -
1297 245 1352 295 -),

405 347 572 364 -oo-
681 326 797 363 υ-Ξ.

357 414 362 419 ·
404 392 479 428 Cur
495 406 614 442 neque
632 392 821 437 militaris.
839 394 875 438 I,
895 392 938 438 8,
958 390 993 427 5.

220 457 285 492 Est
302 453 341 490 in
361 461 482 491 metro
501 456 587 490 VII.

173 553 230 576 11.
250 541 390 576 Versus
415 538 626 588 Sapphicus
654 537 795 583 minor,
824 544 996 574 constans
1022 549 1067 573 ex
1095 535 1255 587 dipodia'
1277 544 1357 573 tro-

222 598 354 636 chaicst
372 607 409 635 et
427 611 541 635 versu
559 596 808 634 antecedenti.

303 675 465 693 -υ--
560 667 760 702 ..ῃωυ-
869 674 976 692 υ-ω

299 737 416 772 Ludit
430 737 588 772 herboso
597 748 719 783 pecus
742 748 853 772 omne
872 747 1020 783 campo.
1041 737 1119 782 ΙΙΙ,
1145 736 1209 782 18,
1229 750 1264 785 9.

221 800 329 847 Saepe
349 809 492 834 caesura
509 804 564 833 est
583 804 669 846 post
688 795 871 845 syllabam
889 794 1048 832 brevem
1066 804 1228 842 sextam,

300 857 469 894 Daum'oe
485 856 790 906 delendelldecus
809 856 1000 892 Camenae.
1018 858 1082 903 IV,
1103 857 1146 902 6,
1166 869 1226 903 27.

171 915 381 968 praesertim
400 917 439 953 in
456 918 520 962 IV,
539 929 560 952 2
581 924 618 953 et
638 917 659 952 6
678 925 715 953 et
734 915 774 952 in
791 918 916 953 Carm.
938 915 1106 952 saecular.
1127 916 1248 953 Semel
1265 928 1360 953 neu—

172 986 231 1014 tro
251 977 290 1013 in
309 976 394 1014 loco
414 991 422 1013 ε
439 979 477 1023 Ι,
501 988 540 1022 2,
562 977 622 1020 34.
644 976 768 1014 Graeci
787 974 943 1025 quidem
963 983 1124 1012 utuntur
1139 975 1178 1012 in
1197 974 1358 1012 exordio

172 1037 303 1074 versus
322 1038 398 1073 tam
420 1035 576 1086 dipodifi
597 1035 790 1073 trochaica
810 1038 907 1086 pura
931 1035 976 1086 <-
991 1049 1015 1068 υ
1029 1056 1061 1063 -
1075 1050 1099 1068 υ
1115 1034 1127 1085 l
1144 1037 1258 1084 quam
1277 1035 1362 1084 epi—

173 1097 263 1135 trito
282 1096 450 1134 secundo
469 1118 501 1124 —
515 1112 538 1130 υ
553 1117 584 1123 -
600 1117 645 1143 -‚
670 1095 737 1146 qui
761 1096 862 1132 solus
890 1095 1049 1134 Horatio
1069 1095 1222 1145 placuit.
1242 1097 1362 1132 Porro

173 1169 354 1195 caesuram
373 1155 567 1204 observat,
597 1169 710 1207 quam
739 1157 864 1194 Graeci
892 1156 1078 1206 ignorant.
1098 1177 1150 1183 —
1167 1153 1364 1192 Interdum

173 1229 305 1255 versus
324 1217 568 1267 hypermeter
583 1225 656 1263 est,
673 1217 696 1254 i.
714 1230 746 1254 e.
762 1216 896 1254 ultima
914 1216 993 1266 ejus
1013 1213 1156 1266 syllaba
1172 1213 1364 1264 superflua

175 1278 327 1316 eliditur
355 1278 478 1315 vocali
507 1279 528 1315 Ξι
553 1279 629 1328 quai
657 1276 890 1327 subsequens
911 1276 1044 1327 incipit
1066 1288 1222 1312 versus:
1243 1276 1298 1322 11,
1321 1286 1363 1320 2,

178 1339 241 1387 183
260 1341 325 1386 IV,
347 1350 389 1387 2,
411 1351 458 1374 22
478 1347 515 1375 et
539 1340 605 1385 233
626 1340 748 1375 Carm.
769 1350 851 1375 saec.
873 1337 933 1381 48.

225 1401 291 1437 Est
308 1399 347 1436 in
364 1406 486 1436 metro
503 1401 566 1435 VI.

180 1500 235 1524 12.
255 1489 396 1523 Versus
413 1484 624 1536 Sapphicus
645 1484 776 1534 major.
799 1483 933 1520 Oritur
962 1495 1010 1519 ex
1034 1493 1148 1519 versu
1175 1479 1366 1530 Sapphico

227 1545 456 1597 praecedenti
476 1543 611 1581 eodem
632 1543 746 1581 modo
766 1551 810 1580 ut
826 1541 1094 1592 Asclepiadeus
1113 1541 1232 1591 major
1249 1539 1365 1591 (num.

228 1605 271 1656 9)
292 1619 339 1642 ex
365 1603 612 1654 Asclepiadeo
631 1604 770 1640 minori
788 1600 913 1653 (num.
935 1602 957 1638 8
970 1601 982 1652 )
995 1629 1005 1648 ‚
1025 1601 1168 1638 inserto
1187 1599 1366 1637 nimirs1m

227 1678 302 1703 uno
323 1664 446 1702 adhuc
465 1663 700 1701 choriambo.

254 1730 416 1745 -υ--
512 1723 938 1754 -Ι-υυ--Η-υυ-
1048 1723 1154 1741 §.s-0

256 1797 367 1846 Scep&
386 1805 492 1832 trans
499 1797 624 1844 finem
634 1797 766 1841 jaculo
785 1795 920 1831 nobilis
938 1792 1126 1841 expedito.
1149 1795 1186 1839 Ι,
1207 1793 1251 1838 8,
1274 1804 1330 1828 12.

228 1859 268 1896 si
290 1859 391 1895 recte
407 1859 429 1893 a
443 1857 495 1894 Cl.
514 1859 730 1893 Hermanno
751 1855 813 1892 hic
825 1867 957 1891 versus
973 1854 1073 1890 inter
1088 1851 1366 1890 choriambicos

176 1926 415 1964 numeratur,
435 1929 545 1967 aequo
559 1917 646 1967 jure
665 1915 877 1966 Sapphicus
891 1914 1109 1965 praecedens
1124 1914 1250 1951 locum
1267 1912 1367 1950 inter

178 1981 259 2018 illos
278 1978 452 2016 obtinere
471 1991 580 2028 posse
596 1977 760 2015 videtur.

229 2043 294 2079 Est
311 2041 350 2078 in
366 2048 489 2077 metro
507 2040 592 2076 VII.

528 2124 571 2171 d.
601 2128 768 2170 Versus
791 2122 1018 2184 dactylici.

182 2235 237 2274 13.
256 2240 396 2275 Versus
416 2236 626 2284 Adonicus,
645 2249 673 2274 s.
694 2236 900 2286 dactylicus
919 2235 1080 2273 dimeter
1099 2234 1310 2272 catalectus.
