1456 2508
0 26 4 29 .
152 21 178 29 -

59 47 62 55 .

30 95 37 102 ,
95 99 99 102 ,

509 125 589 157 Lm.
616 125 631 155 1
655 125 744 158 oms
767 124 894 158 xvm.
1272 102 1312 161 83-

35 180 37 182 ¹
94 191 164 237 At,
182 201 232 227 ne
250 188 339 241 quis
353 186 498 227 modici
518 188 707 228 transiliat
725 199 887 227 munera
906 183 1041 224 Liberi
1058 184 1075 214 4

94 253 314 291 Centaurea
331 260 464 290 monet
482 264 571 290 cum
590 250 767 304 Lapithis
787 250 873 288 rixa
892 260 1009 299 super
1029 259 1136 284 mero

47 356 51 358 ,
93 313 315 362 Debellata3
334 322 466 352 monet
483 312 670 352 Sithoniis
686 313 702 336 ⁵
720 326 800 352 non
815 311 910 351 levis
930 309 1067 359 Evius,

94 376 193 415 Cttm
213 375 269 414 fas
285 383 401 427 atque
419 375 525 414 nefas
544 375 685 426 exiguo
703 374 778 412 fine
797 372 1004 411 libidinum
1286 389 1315 404 ιο

95 437 330 476 Discernunt
347 436 464 476 avidi.
483 439 572 476 Non
590 450 662 488 ego
683 445 738 484 te,
760 434 923 474 candide
942 436 1130 472 Bassareu
1147 432 1175 482 ⁶,

95 498 266 537 Invitum
285 498 457 551 quatiam
475 513 484 535 :
503 511 576 538 nec
596 497 714 536 variis
733 497 860 536 obsita
879 494 1083 534 frondibus

96 557 178 599 Sub
197 559 331 599 divum
349 559 508 612 rapiam.
527 562 635 599 Saeva
656 569 743 598 tene
762 571 852 597 cum
873 555 1130 607 Berecynthio

89 686 191 721 pater
203 691 216 711 .·
228 687 338 722 pater,
357 678 434 722 qnia
452 687 568 722 potens
583 678 681 712 simul

93 733 126 758 et
141 726 312 771 benignus.
330 745 378 751 —
394 729 523 759 Decens
542 729 651 759 Venus
668 739 679 758 .-

92 773 244 816 pulchra,
261 774 418 806 amabilis.

141 827 174 859 4.
197 823 250 854 Ne
273 821 346 864 quis
371 821 492 854 modici
515 821 682 854 transiliat

92 878 230 901 munera
251 869 386 901 Liberi:
402 881 445 901 ne
468 871 543 912 quis
563 871 679 902 immo-

90 916 200 949 derate
226 917 328 950 hibat.
359 917 470 948 Liberi
493 928 554 959 pro
582 919 648 949 vini
665 928 674 950 :

90 971 129 996 ut
150 965 267 1006 possim
281 966 318 996 in
341 966 464 1007 poetis,
491 965 586 996 Ceres
611 977 673 1008 pro

89 1021 192 1054 pnne3
209 1012 353 1044 Bacchus
368 1023 430 1054 pro
446 1013 524 1044 vino
539 1023 674 1055 usurpa-

91 1065 156 1091 tur.
181 1077 226 1084 —
251 1059 436 1092 Centaurea
463 1068 577 1092 monet
600 1072 672 1092 cum

92 1105 238 1148 Lapithis
259 1106 346 1140 rixa.
362 1107 447 1139 Vide
467 1107 525 1139 lib.
546 1109 604 1146 IV,
620 1107 674 1141 od.

91 1158 136 1190 11.
149 1154 313 1188 Pirithous
323 1177 333 1193 ,
343 1155 469 1186 Ixionis
481 1154 570 1186 filius
580 1178 589 1193 ‚
600 1154 676 1187 cum

91 1201 340 1249 Hippodamiam
367 1202 522 1242 duceret,
540 1203 675 1245 epulum

90 1249 238 1296 nuptiale
281 1250 449 1282 Centauris
461 1273 470 1289 ‚
503 1251 675 1284 Thessaliae

89 1298 223 1338 incolis,
245 1297 308 1330 sibi
329 1298 567 1331 necessitudine
595 1310 674 1331 con-

86 1347 226 1388 junctis,
240 1345 391 1388 praebuit.
413 1344 496 1378 Ciun
514 1348 672 1378 omisisset

75 1401 195 1430 „nutem
220 1394 322 1425 Marti
352 1393 532 1426 sacrificare
542 1418 550 1434 ,
583 1395 671 1427 illius

87 1442 168 1475 iram
175 1443 212 1474 in
218 1452 251 1473 se
261 1441 446 1473 concitavit.
461 1443 574 1484 Itaque
582 1444 671 1474 Mars

87 1486 175 1522 ‘mter
193 1489 374 1522 Centauros
394 1496 426 1520 et
446 1490 614 1532 Lapithas,
631 1491 671 1522 ad

89 1537 276 1570 &nvivium
285 1535 396 1567 itidem
409 1544 540 1569 vocatos
548 1562 557 1576 ,
567 1540 672 1570 rixam

55 1601 59 1605 -
89 1585 260 1626 vactitavit,
284 1594 358 1626 qnae
397 1583 466 1616 dira
500 1587 672 1628 utriusque

87 1633 188 1675 prtia
208 1638 313 1674 strage
331 1633 500 1664 commissa
527 1640 584 1665 est.
611 1636 669 1666 Ju-

87 1688 184 1712 nnc.
200 1697 247 1703 —
261 1678 436 1711 Debellata
451 1692 464 1712 .·
488 1682 667 1714 commissa.

86 1734 136 1752 ⁴—
145 1729 249 1769 Super
259 1737 347 1758 mero
357 1738 369 1758 .·
378 1729 464 1759 inter
476 1728 668 1768 bibendum,

86 1781 163 1818 post
174 1774 371 1806 ebrietatem.

139 1823 170 1854 5.
183 1821 337 1853 Sithoniis
347 1833 358 1852 .·
372 1822 519 1854 Sithonia
534 1830 581 1855 est
596 1835 668 1866 pars

88 1869 251 1901 Thraciae:
266 1869 320 1900 hic
344 1869 385 1900 de
406 1870 558 1902 universa
571 1872 670 1903 Thra-

90 1914 139 1947 eu
151 1916 305 1959 intellige.
316 1927 348 1948 V.
359 1916 416 1949 inf.
427 1918 525 1948 Natis
534 1918 568 1949 in
579 1930 668 1951 usum

89 1961 212 1994 loeeieiae
220 1963 346 2005 scyphis
347 1975 497 2007 pugnare
510 1965 669 1998 Thracum

90 2018 148 2042 est.
162 2011 306 2043 XXVII.
319 2029 367 2035 ——
384 2012 482 2043 Evius
495 2025 507 2044 .·
525 2025 630 2045 unum
651 2015 668 2046 ὲ

87 2057 207 2088 Bacchi
221 2059 469 2100 cognominibus
479 2068 542 2099 est,
552 2060 570 2091 a
583 2063 667 2093 Jove

86 2103 137 2136 illi
166 2105 310 2136 inditum
335 2107 371 2137 in
398 2117 437 2138 eo
462 2107 549 2139 bello
573 2109 667 2150 quod

86 2153 230 2194 gigantes
245 2163 319 2183 cnm
335 2153 580 2196 diisgesserunt.
591 2158 616 2187 F
617 2157 666 2187 in-

85 2206 168 2242 gnnt
197 2201 284 2231 enim
313 2208 437 2243 poetae,
454 2201 530 2234 ciun
558 2205 664 2235 caeteri

84 2245 132 2278 dii
153 2249 315 2289 perterriti
341 2249 488 2290 fugerent
510 2258 566 2282 ant
589 2251 664 2281 late-

83 2301 155 2326 rent
164 2317 174 2334 ,
185 2295 345 2327 Bacchum
358 2296 460 2327 leonis
474 2307 529 2329 ora
541 2297 662 2329 induis-

735 691 767 711 se
779 703 788 718 ‚
802 685 899 720 atque
914 689 981 709 rem
996 678 1031 708 in
1044 676 1153 707 hostes
1169 675 1251 707 coelo
1261 677 1320 707 im-

734 729 895 758 minentes
905 725 1035 756 strenue
1045 725 1186 766 gessisse.
1201 725 1321 765 Quam-

734 775 848 807 obrem
868 773 886 804 a
908 775 992 804 Jove
1016 771 1235 803 collaudatum
1270 771 1320 802 his

734 822 842 854 verbis
852 845 861 861 ‚
881 815 914 852 εὖ
928 817 977 852 ote
986 844 994 859 ‚
1008 831 1104 863 euge,
1111 818 1171 864 fili
1181 830 1194 849 .·
1208 821 1319 860 postea

732 871 850 913 Evyon
862 892 871 907 ,
885 879 942 900 seu
955 867 1110 910 Evhyum
1132 867 1230 897 fuisse
1241 890 1249 904 ‚
1263 866 1323 898 ho-

732 919 821 949 noris
843 916 954 954 causa,
969 916 1153 947 salutatum.
1175 913 1256 945 Inde
1281 913 1320 945 fit

727 966 921 996 femininum
939 963 1082 1005 EvhyaS,
1095 961 1186 1004 quod
1201 962 1320 993 Bacchi

727 1013 925 1044 sacerdotem
935 1034 944 1049 ,
957 1022 1014 1042 sen
1024 1009 1180 1042 Baccham
1196 1016 1228 1040 et
1240 1010 1319 1041 Mae-

726 1061 843 1092 uadem
856 1058 1028 1102 significat.
1043 1060 1064 1090 J
1067 1057 1318 1090 uuum—Avi-

731 1109 769 1139 di
796 1108 964 1140 libidinum
989 1118 1001 1138 .·
1028 1105 1086 1137 has
1116 1105 1195 1136 duas
1221 1116 1318 1136 voces

731 1167 809 1187 cave
833 1167 874 1187 ne
904 1155 1067 1197 disjungas
1089 1163 1098 1185 τ
1127 1152 1208 1195 quid
1230 1154 1318 1184 enim

730 1204 820 1236 solus
834 1210 868 1234 et
890 1214 949 1245 per
964 1213 1014 1240 se,
1034 1200 1230 1244 significaret
1260 1200 1315 1232 ad-

727 1253 838 1292 jectiv.
855 1251 928 1290 ille,
947 1248 1049 1282 Avidi
1059 1253 1076 1280 :²
1093 1249 1195 1280 Avidi
1214 1248 1317 1280 libidi-

730 1311 826 1338 num,
842 1299 877 1330 id
902 1305 968 1337 est,
984 1299 1021 1329 in
1043 1297 1239 1328 libidinibus
1263 1298 1314 1328 in-

731 1349 918 1390 temperati,
948 1346 1012 1377 illis
1047 1347 1117 1376 sine
1150 1344 1249 1376 modo
1284 1352 1316 1376 et

726 1394 875 1427 mensur-'i
901 1394 1052 1426 obnoxii.
1065 1410 1114 1418 -
1127 1395 1192 1426 Fas
1216 1401 1317 1435 atque

727 1443 822 1487 nefas
852 1442 973 1486 exiguo
997 1441 1073 1486 fine
1106 1441 1291 1473 discernunt
1302 1451 1314 1470 :

725 1492 770 1523 ita
788 1492 910 1534 exiguo
928 1497 967 1521 ut
985 1490 1053 1522 fere
1070 1489 1183 1521 nullus
1201 1490 1259 1530 sit,
1283 1495 1316 1520 et

727 1539 864 1570 alterum
881 1549 957 1569 cum
967 1538 1069 1571 altero
1080 1537 1313 1570 confundatur.

726 1589 778 1620 Sic
793 1588 829 1617 in
842 1587 934 1629 Virg.
946 1587 1066 1629 Georg.
1081 1588 1096 1617 Ι
1106 1609 1116 1624 ,
1129 1586 1208 1624 504,
1219 1585 1312 1628 quip-

719 1635 767 1677 p&
782 1634 838 1665 ubi
841 1633 903 1677 fas
917 1644 1050 1665 versum
1068 1642 1167 1676 atque
1190 1634 1306 1677 ηψπ,-

724 1690 756 1714 et
779 1682 877 1715 Ovid.
904 1683 1037 1713 Metam.
1054 1683 1122 1720 VI,
1143 1682 1311 1725 585,fas-

723 1741 786 1773 que
798 1729 956 1772 nefasque
974 1729 1149 1772 confiunt-a
1161 1730 1235 1762 mit.

770 1778 803 1810 6.
824 1777 972 1809 Candide
989 1780 1152 1809 Bassareu
1168 1789 1180 1809 :
1200 1778 1307 1809 candi-

722 1824 801 1856 dum
817 1832 912 1857 vocat
925 1825 1086 1857 Bacchum
1095 1850 1104 1866 ‚
1115 1837 1156 1857 ex
1169 1836 1208 1857 eo
1218 1825 1309 1868 quod

722 1874 757 1904 in
790 1875 868 1905 vino
898 1875 1064 1904 sinceritas
1079 1886 1088 1913 ;
1119 1875 1308 1905 Bassareum

724 1922 821 1959 vero,
839 1921 856 1952 a
882 1932 963 1952 voce
988 1920 1127 1963 quadam
1154 1921 1309 1959 Thracici,

723 1979 796 2009 quae
814 1968 945 2010 vulpem
961 1968 1138 2011 significat3
1154 1980 1222 2000 non
1237 1969 1309 2001 hin-

721 2017 878 2047 nulorum
892 2015 1018 2047 tantiim
1031 2040 1040 2055 ‚
1053 2016 1108 2047 sed
1122 2017 1219 2047 etiam
1235 2017 1307 2047 vul-

721 2065 813 2105 pium
830 2063 971 2106 pellibus
994 2075 1027 2094 se
1049 2065 1166 2094 texisse
1189 2064 1308 2095 dicun·

721 2117 776 2141 tur
806 2110 958 2148 Bacchae,
989 2122 1063 2153 quae
1101 2111 1178 2142 inde
1213 2112 1307 2143 dictae

720 2166 796 2190 sunt
812 2154 1018 2201 Βασσαρίὸες.
1037 2177 1085 2183 --
1101 2160 1178 2190 Non
1198 2171 1259 2202 ego
1276 2167 1306 2189 te

719 2204 850 2237 invitum
874 2205 1020 2248 quatiam
1040 2218 1051 2236 .·
1068 2217 1180 2237 sensus
1200 2217 1210 2240 z
1229 2206 1306 2238 solae

718 2253 913 2285 Bacchantes
925 2276 934 2291 ,
948 2254 1022 2293 jure
1045 2254 1216 2286 sacerdotii
1234 2255 1303 2293 sni,

718 2300 880 2332 volentem
899 2299 1081 2342 Bacchum,
1098 2301 1132 2332 id
1157 2309 1204 2334 est
1226 2303 1304 2334 Bac-
