1456 2508
508 134 589 167 LIB.
613 135 647 165 11
671 132 762 168 01)ss
785 134 813 167 1.

1220 138 1280 172 147

215 196 293 232 Res
311 192 522 240 ordinaris,
541 193 686 244 grande
706 205 846 231 munus

270 253 463 305 Cecropio
482 261 635 305 repetes
654 253 850 293 cothurno
862 281 874 300 ,

164 315 319 368 Insigne
337 315 482 354 moestis
501 315 727 366 praesidium
744 316 820 354 reis
838 315 867 363 ⁴,

165 379 214 416 Et
232 376 447 416 consulenti
466 375 607 425 Pollio,
629 377 777 424 Curiae3

215 438 288 477 Cui
304 437 435 476 laurus
451 445 616 476 aeternos
631 437 802 475 honores
1250 445 1278 470 1⁵

267 499 484 538 Dalmatico
502 499 656 551 peperit
676 498 888 550 triumpho,

165 564 251 602 Jam
267 563 370 600 nime
384 561 525 599 minaci
540 574 740 599 murmure
757 573 948 598 cornuum
969 559 984 584 ⁵

165 623 392 675 Perstringis
410 636 544 672 aures3
554 625 635 675 jam
654 623 741 662 litui
759 632 960 674 strepunt3

218 688 304 725 Jtzm
321 686 448 737 fulgor
468 698 664 724 armorum
686 686 840 737 fugaces

269 749 407 786 Terret
429 760 571 798 equos,
593 747 847 798 equitumque
867 747 1007 785 vultus.
1249 764 1278 779 20

161 808 310 846 Audire
329 820 487 859 magnos
502 809 584 859 jam
604 808 741 846 videor
759 809 879 846 duces

161 872 249 909 Non
266 869 451 908 indecoro
470 870 631 920 pulvere
650 869 846 917 sordidos,

190 933 237 969 Et
253 939 391 969 cuncta
411 939 604 969 terrarum
625 930 805 979 subacta,

267 992 411 1031 Praeter
429 1001 599 1030 atrocem
619 993 790 1030 animum
814 992 982 1031 Catonis.

54 1149 140 1182 terea
154 1156 207 1181 tua
222 1150 429 1192 Melpomene
438 1175 446 1190 ,
456 1151 640 1193 sororisque

56 1197 166 1229 sedem
187 1197 259 1229 Clio
274 1205 424 1240 occupet.
437 1216 485 1222 —-
500 1199 563 1231 Re:
577 1210 640 1241 pu-

56 1244 159 1276 blicas
174 1242 359 1276 ordinaris.-
374 1245 433 1277 ubi
447 1257 498 1277 res
509 1256 584 1288 quae
599 1246 641 1278 ad

0 1323 1 1327 ,
55 1292 142 1324 bella
154 1292 261 1324 civilia
273 1299 435 1335 spectant,
453 1292 557 1325 soluta
570 1305 641 1325 ora·

0 1354 1 1366 1
56 1340 157 1379 noue,
166 1339 346 1383 digesseris
353 1347 385 1371 et
397 1351 508 1372 earum
518 1352 640 1373 nexum

57 1397 102 1418 ex
125 1387 240 1419 ordine
266 1379 484 1430 descripseris,
504 1389 599 1420 Vix*
590 1400 640 1420 m-

56 1434 159 1476 telligi
173 1441 280 1478 potest
300 1446 391 1466 error
409 1436 566 1475 Dacierii‚
582 1437 641 1477 qui

56 1481 167 1513 eedem
205 1481 324 1522 verba,
346 1493 396 1514 res
412 1483 562 1525 publicas
589 1494 641 1514 or-

55 1526 199 1566 dindris,
230 1539 299 1560 non
317 1529 358 1562 de
375 1530 508 1562 historia
524 1530 541 1561 ὸ
567 1531 640 1563 Pol-

54 1576 144 1608 lione
166 1576 420 1616 conscribenda,
442 1577 498 1609 sed
523 1577 563 1609 de
594 1589 641 1609 re-

54 1622 188 1666 publica
217 1623 258 1655 ab
291 1635 331 1656 eo
365 1625 638 1664 administranda,

55 1669 298 1714 interpretatur.
315 1672 488 1705 Refutatus
507 1672 526 1704 a
545 1675 640 1705 sana-

57 1717 146 1751 ddne
167 1725 200 1749 et
215 1718 256 1750 ab
271 1719 424 1750 omnibus
444 1720 509 1751 fere
525 1722 638 1752 Horat.

55 1765 309 1807 interpretibus,
325 1765 441 1798 melius
466 1766 572 1798 adhuc
595 1779 643 1799 re-

56 1811 180 1844 fellitur
206 1812 248 1843 ab
275 1814 428 1845 universo
450 1816 550 1845 totius
579 1825 644 1845 car-

56 1859 154 1891 minis
168 1866 281 1891 tenore
292 1883 301 1899 ‚
319 1860 409 1902 quod
420 1885 429 1901 ,
449 1868 486 1892 ut
500 1872 579 1893 mox
593 1873 644 1904 ap-

57 1905 203 1948 parebit,
231 1908 270 1938 in
306 1907 458 1939 laudibus
494 1908 644 1941 historici

55 1954 224 1996 scriptoris
245 1961 402 1987 versatur.
429 1955 512 1987 Vide
534 1956 642 1990 infra:

56 1999 134 2031 Ihm
146 1999 221 2043 stim
241 2001 366 2033 minaci
386 2014 548 2035 murmure
572 2015 642 2035 cor-

56 2057 175 2085 nuum,
211 2055 244 2079 et
279 2059 353 2092 quae
383 2058 578 2093 sequuntur.
595 2070 642 2076 —-

59 2094 192 2126 Grande
202 2106 339 2127 munus.-
349 2097 547 2141 tragoediam,
559 2109 642 2141 opus

55 2139 297 2175 difficillimum.
327 2162 374 2169 —-
410 2145 562 2187 Cecropio
587 2157 641 2176 co-

56 2187 173 2221 thurno
199 2202 211 2221 :
241 2190 403 2223 cothurno
437 2191 639 2225 Atheniensi.

55 2234 253 2280 Cecropem,
269 2241 478 2282 AEgyptium,
501 2241 640 2272 Athenae

142 2293 200 2316 um
245 2285 448 2319 conditorem
490 2298 642 2331 agnosce-

695 1151 794 1190 bant;
821 1150 975 1193 tragoedia
999 1150 1107 1182 autem
1141 1152 1280 1182 maxime

697 1199 802 1242 viguit
819 1198 976 1237 Athenis,
1002 1198 1061 1230 ubi
1082 1199 1279 1241 Sophocles,

696 1245 885 1288 AEschylus‚
910 1246 1081 1288 Euripides
1126 1246 1280 1278 floruere.

694 1293 852 1325 Laudavit
862 1304 994 1336 quoque
1008 1293 1152 1334 ejusdem
1165 1293 1283 1326 Pollio-

694 1342 745 1372 nis
760 1341 929 1383 tragoedias
943 1342 1206 1383 Virg.E.vl11,
1225 1352 1279 1380 ιο,

697 1389 776 1419 Sola
787 1387 966 1430 Sophocleo
977 1395 1034 1419 tua
1047 1389 1198 1420 carmina
1210 1388 1279 1432 dig-

697 1447 742 1467 na
761 1435 927 1468 cothurno.

744 1490 775 1520 4.
797 1483 930 1527 Insigne
957 1483 1077 1515 moestis
1093 1483 1281 1525 praesidinm

695 1530 758 1562 reis
773 1542 784 1561 :
799 1532 835 1561 in
848 1531 959 1562 eadem
976 1530 1111 1573 stropha
1122 1554 1130 1570 ‚
1143 1532 1282 1562 oratoris

695 1578 950 1620 eloquentissimi
963 1603 971 1617 ,
986 1578 1228 1620 prudentissimi
1237 1589 1284 1610 se-

695 1627 834 1663 natoris,
853 1626 1018 1657 bellatoris
1033 1627 1151 1669 egregii
1172 1626 1284 1657 laudes

695 1673 1286 1715 complectitur.--Dalmaffcotrium-

692 1720 761 1762 pho
771 1732 782 1751 .·
796 1720 836 1751 de
846 1721 986 1763 Illyricis
996 1720 1110 1752 contra
1120 1732 1203 1763 quos
1213 1723 1286 1752 mis·

697 1779 751 1799 sus
762 1768 866 1799 fuerat
877 1769 916 1799 ab
927 1770 1087 1807 Antonio,
1098 1771 1161 1811 egit
1172 1771 1285 1800 trium-

698 1815 799 1857 phum
811 1816 972 1847 Pollio.V.
984 1817 1083 1848 Dion.
1096 1819 1215 1856 XLIII,
1228 1823 1285 1854 41.

749 1864 780 1894 5.
797 1863 874 1894 Ιὰιη
898 1864 983 1894 ηἰιησ
1003 1863 1126 1895 minaci
1144 1875 1285 1895 murmu-

698 1921 733 1940 re
757 1922 912 1942 cornuum
929 1923 940 1942 .·
958 1923 1017 1954 per
1032 1911 1286 1953 pulcherrimam

696 1957 943 2000 hypotyposim,
952 1959 1106 1990 Horatius
1119 1960 1154 1990 iu
1164 1960 1286 1991 medias

698 2015 748 2036 res
773 2016 852 2047 quas
881 2013 1071 2037 narraturus
1102 2014 1149 2037 est
1179 2007 1285 2038 Pollio

696 2051 827 2095 raptum
846 2064 879 2084 se
891 2052 999 2096 fingit.
1019 2055 1095 2086 Nou
1119 2054 1230 2095 praelia
1242 2054 1285 2084 le-

696 2100 743 2141 git
754 2123 763 2139 ,
777 2100 833 2130 sed
846 2101 881 2131 in
898 2102 975 2143 ipsis
990 2101 1110 2143 praeliis
1125 2107 1284 2133 versatur.

695 2147 801 2178 Audit
821 2148 980 2179 lituorum
1007 2149 1179 2189 strepitus,
1196 2148 1285 2179 videt

695 2201 918 2227 consternatos
943 2206 1063 2237 equo-5,
1081 2195 1204 2227 ducum
1221 2197 1283 2227 im-

691 2243 907 2284 peritantium
940 2253 1037 2274 voces
1068 2244 1218 2286 percipit.
1237 2260 1282 2268 —

697 2291 823 2321 Praeter
839 2298 982 2322 atrocem
1008 2290 1154 2322 animum
1185 2290 1280 2322 Caco-
