1456 2508
495 111 575 143 Lm.
596 111 635 142 11
656 110 746 142 ODE
765 110 860 142 xm.

1226 109 1290 150 189

231 172 371 208 Poenus
389 168 670 221 perhorrescit,
686 181 815 219 neque
833 168 935 206 ultra
1266 176 1296 200 ιε

287 233 397 269 Caeca
416 230 526 268 timet
540 228 697 268 aliunde
716 229 814 278 fata3

180 290 294 330 Miles
313 291 468 343 sagittas
485 299 524 329 et
539 291 704 329 celerem
723 290 854 341 fugam

181 351 314 391 Parthi
332 357 368 401 ⁴3
389 361 542 391 catenas
561 351 728 391 Parthus
748 360 786 389 et
806 351 947 389 Italum

234 412 390 461 Robur;
409 414 477 452 sed
492 414 704 465 improvisa
721 411 817 450 lethi

290 475 358 513 Vis
376 475 508 527 rapuit
525 475 727 526 rapietque
750 481 894 524 gentes.
1264 487 1295 504 zo

183 539 308 585 Quam
329 537 438 587 paene
458 536 580 574 furvae
604 547 722 586 regua
741 535 983 586 Proserpinae
1000 533 1029 580 ⁵,

181 600 230 637 Et
243 598 481 650 judicantem
496 596 663 635 vidimus
680 598 840 634 AEacum
851 625 862 643 ,

234 659 432 710 Sedesque
451 659 634 696 discretas
654 658 827 708 piorum,
845 667 884 696 et

289 721 424 759 AEoliis
442 718 583 758 fidibus
602 726 830 769 querentem

77 886 361 928 Constantinople;
372 886 440 917 sive
450 886 659 918 Cimmerien-

74 946 142 967 sem
154 957 163 974 ,
190 935 248 976 qui
285 934 302 965 ὲ
338 937 442 966 Ponto
466 935 597 965 Euxino
621 934 657 964 in

74 981 230 1015 Maeotida
249 979 310 1023 (Ia
338 991 409 1012 mer
434 981 570 1024 d'Azof
579 981 591 1023 )
606 982 656 1012 in-

74 1029 168 1068 fluit,
181 1028 281 1060 hodie
291 1051 301 1068 ,
315 1029 347 1060 le
359 1028 480 1060 de'eroie
490 1029 531 1060 de
544 1028 655 1071 Caffiz.

74 1078 247 1119 -Neque
262 1076 369 1114 aleria
384 1087 446 1108 nec
467 1077 495 1107 si
514 1077 656 1118 excipias

73 1125 147 1158 loca
167 1124 241 1163 ina,
259 1131 394 1166 propter
432 1125 508 1155 freti
539 1134 656 1164 angus-

74 1173 154 1211 tias,
168 1169 440 1213 periculosissima
450 1192 459 1208 ‚
477 1168 656 1211 quidquam

74 1218 205 1252 aliunde
221 1219 313 1250 timet
323 1239 333 1256 ‚
352 1217 488 1254 forsitan
506 1217 542 1247 iu
558 1217 656 1258 plano

72 1267 155 1300 mari
172 1273 204 1298 et
227 1276 342 1297 sereno
363 1271 510 1307 tempore
530 1265 654 1306 peritu-

71 1326 140 1348 rus.
151 1332 197 1339 -—·
209 1311 394 1356 Coecasata
406 1323 417 1343 .·
431 1323 574 1354 quorum
584 1323 657 1343 cau-

73 1373 108 1395 u
136 1362 232 1401 latet,
257 1367 291 1392 et
322 1360 459 1391 effectus
489 1359 564 1391 ideo
588 1370 658 1391 non

71 1409 304 1454 p'raevidentur·
320 1410 403 1440 Rem
419 1407 560 1439 elucidat
576 1410 654 1439 Pro-

72 1465 156 1501 pert.
173 1459 227 1496 Π,
251 1467 280 1494 ι,
299 1455 342 1496 76
357 1465 366 1487 :
384 1455 511 1498 Quippe
524 1453 578 1486 ubi
594 1465 655 1486 nec

71 1515 204 1542 causas,
221 1515 283 1535 nec
294 1511 422 1544 apertos
437 1502 597 1534 cernimus
613 1503 658 1534 ic-

37 1558 39 1561 ’
73 1559 143 1591 ms,
166 1552 260 1585 Unde
293 1558 406 1583 tamen
437 1550 584 1582 veniant
612 1558 660 1582 toc

73 1600 186 1639 mala,
200 1610 290 1631 coeca
321 1598 385 1630 via
409 1606 467 1630 est.
484 1600 563 1630 Non
587 1605 661 1641 eget

73 1646 128 1678 &1⁸0
145 1647 299 1684 medicis,
315 1657 383 1678 non
397 1646 487 1678 lectis
509 1646 660 1678 mollibus

74 1704 182 1737 ager,
202 1692 289 1724 Huic
302 1692 428 1724 nullum
441 1694 518 1723 coeli
532 1701 656 1735 tempus

75 1749 108 1774 ec
122 1740 206 1771 hora
229 1748 326 1771 nocet
333 1752 347 1777 ;
369 1739 529 1771 Ambulac
552 1748 585 1772 et
606 1752 657 1772 su-

74 1788 141 1820 biti>
159 1787 428 1830 miramursunus
443 1787 552 1820 amici.

121 1841 155 1872 4.
190 1835 334 1867 Celerem
355 1834 480 1877 fugam
514 1835 632 1867 Parthi
644 1847 657 1866 .-

76 1882 247 1924 nunquam
256 1882 356 1924 magis
365 1883 531 1914 metuendi
538 1906 546 1921 ‚
558 1882 656 1925 quam

77 1927 154 1960 eum
168 1929 262 1972 fugin
273 1945 322 1953 -—
334 1930 441 1961 Robur
451 1931 572 1962 Italum
583 1942 596 1962 .·
613 1933 658 1963 vi-

76 1987 128 2008 res
155 1979 328 2010 Romanas.
346 1993 395 2001 ·—
415 1978 536 2009 Gentes
551 1990 562 2009 :
588 1990 658 2010 non

76 2024 217 2067 populos
231 2024 286 2055 vel
300 2025 464 2063 nationes,
479 2026 535 2056 sed
551 2026 656 2058 homi-

76 2082 134 2103 nes
143 2070 330 2114 generatim
337 2080 484 2114 sumptos
495 2074 656 2116 intellige;

76 2119 240 2152 unanimis
247 2120 284 2150 iu
295 2130 335 2151 eo
346 2118 419 2151 tum
427 2128 656 2153 annotatorum

76 2165 148 2198 tum
166 2167 407 2208 praecipuorum
423 2168 655 2211 interpretum,

74 2213 271 2254 sanadonis,
298 2217 342 2246 Le
363 2216 521 2254 Batteux‚
541 2217 655 2256 Binet‚

74 2261 268 2306 deWailly,
288 2273 475 2295 consensus,
494 2265 593 2296 Hunc
606 2264 656 2295 lo-

713 885 836 929 quendi
855 884 991 916 modum
1014 886 1048 916 in
1073 891 1216 916 nostram
1233 883 1295 914 lin-

712 945 809 976 guam
838 933 1064 964 transtulimus
1075 955 1084 970 ‚
1114 939 1147 963 et
1182 931 1296 963 eodem

711 993 809 1012 sensu
828 981 969 1012 dicimus
991 990 1000 1012 2
1026 982 1087 1011 Les
1113 990 1192 1023 gens
1206 991 1219 1017 ,⁴
1251 979 1298 1009 Ies

706 1040 792 1071 gens
806 1030 848 1060 du
864 1029 928 1060 Boi
943 1039 1022 1070 pro,
1033 1028 1079 1059 les
1089 1026 1235 1059 hommes
1253 1027 1299 1058 du

711 1076 782 1108 [ἰοί.
796 1080 974 1117 Beaucoup
997 1076 1039 1106 de
1050 1087 1135 1119 gens
1150 1075 1274 1107 croiene
1284 1087 1298 1113 ;

710 1124 805 1155 multi
820 1125 969 1156 homines
989 1123 1200 1156 arbitrantur·

760 1172 791 1203 5.
807 1174 918 1202 Furvoe
929 1170 1297 1214 Pmserpinoe.·fimum

711 1225 818 1249 atrum
837 1218 905 1249 sive
924 1219 1074 1261 nigrum,
1092 1217 1110 1249 ἐι
1128 1229 1208 1250 voce
1214 1217 1296 1261 fur,

710 1266 738 1296 si
758 1267 902 1297 Varroni
924 1267 1109 1305 credimus,
1128 1266 1220 1308 quod
1243 1266 1294 1298 fu-

710 1324 761 1344 res
778 1313 847 1344 atrii
862 1322 959 1345 nocte
977 1321 1080 1345 artem
1101 1325 1194 1345 suam
1208 1325 1317 1345 exer-v

713 1368 818 1392 ceant.
834 1378 880 1384 —-
897 1364 1038 1394 AEacum
1053 1372 1065 1392 .·
1083 1372 1189 1392 unum
1205 1361 1223 1392 ὲ
1241 1363 1300 1393 tri-

712 1409 775 1439 bus
793 1409 974 1440 inferorum
993 1408 1177 1449 judicibus,
1201 1420 1300 1441 avum

709 1456 847 1488 Achillis
857 1480 866 1494 ‚
883 1457 972 1488 unde
988 1457 1043 1487 isse
1058 1455 1175 1499 saepius
1191 1458 1292 1490 AEaci-

711 1504 767 1535 des
784 1505 975 1546 appellatur.
993 1522 1040 1530 -ι
1061 1504 1224 1547 Sedesque
1238 1504 1300 1536 dis-

711 1559 818 1582 cretas
832 1552 962 1593 piorum
977 1563 988 1583 :
1003 1554 1040 1584 in
1058 1552 1228 1583 nonnullis
1247 1563 1301 1584 eo-

712 1599 777 1631 dic.
812 1600 1003 1642 descriptas.
1040 1600 1150 1631 Multo
1182 1598 1299 1632 melius

713 1647 868 1678 discretas
878 1660 892 1685 ,·
922 1647 956 1678 id
991 1655 1057 1686 est,
1090 1655 1250 1689 separatas
1279 1646 1298 1678 ὲ

711 1698 856 1727 Tartaro.
873 1697 1083 1738 Secretusque
1095 1694 1169 1736 pios
1179 1718 1188 1735 ,
1205 1695 1297 1737 Virg.

713 1742 840 1773 AEueid.
874 1744 977 1781 VIII,
1009 1745 1090 1782 670.
1114 1759 1161 1766 -
1181 1741 1300 1774 AEoliis

701 1790 847 1833 fidibus:
863 1790 969 1821 AEoles
984 1797 1076 1821 erant
1093 1790 1229 1821 Graeciae
1243 1801 1299 1821 ve·

711 1840 788 1869 teris
812 1838 965 1880 populus,
995 1841 1037 1869 In
1055 1838 1166 1869 Asiam
1190 1839 1298 1869 mino-

711 1897 780 1916 rem
796 1886 998 1928 transgressi,
1020 1885 1240 1917 consederunt
1262 1886 1299 1916 iu

712 1932 748 1963 ea
763 1940 854 1974 parte
871 1944 943 1975 quae
963 1940 1010 1964 est
1030 1934 1117 1964 inter
1135 1932 1298 1964 Troadem

711 1987 743 2011 et
760 1982 907 2019 Ioniam,
928 1981 1040 2022 ibique
1055 1980 1154 2011 urbes
1173 1979 1296 2011 duode-

712 2029 775 2059 cim
795 2028 985 2060 condidere.
1000 2030 1124 2060 Eorum
1146 2026 1243 2058 etiam
1260 2028 1297 2058 iu

713 2075 838 2107 ditione
854 2076 974 2107 Lesbos
998 2075 1103 2107 insula
1129 2075 1211 2114 fuit,
1227 2076 1297 2106 Me-

711 2124 790 2154 telin
800 2147 810 2160 ‚
828 2124 931 2154 Alcaei
945 2125 1048 2165 patria
1059 2146 1068 2161 ‚
1084 2130 1116 2154 et
1130 2120 1295 2164 Sapphus,

710 2173 814 2211 cujus,
826 2182 895 2202 eam
908 2171 951 2202 ob
962 2182 1040 2209 rem,
1052 2169 1172 2201 cithara
1181 2169 1245 2201 hoc
1259 2170 1296 2200 in

710 2219 870 2250 versiculo
888 2219 992 2250 AEolia
1013 2218 1298 2260 vocatum—Que-

709 2273 834 2298 rencem
866 2265 998 2308 Sappho
1021 2265 1142 2308 puellis
1172 2265 1215 2297 de
1232 2275 1295 2307 po-
