1456 2508
200 123 240 152 30
581 129 621 168 Q.
647 126 828 158 HORATII
854 127 1003 160 FLACCI

329 183 470 220 Audiet
486 183 587 220 cives
605 183 619 205 ⁶
639 184 783 222 acuisse
802 172 963 229 ferrum,

332 245 419 288 Quo
438 255 570 292 graves
590 244 711 280 Persae
727 243 859 280 melius
878 243 1064 292 perirent3

331 301 472 339 Audiet
491 314 653 351 pugnas,
675 301 769 339 vitio
789 312 988 352 parentum

511 362 611 397 Rara
625 360 815 410 juventus.

331 421 453 465 Quem
470 427 582 456 vocet
601 419 731 458 divum
749 427 763 450 7
778 421 941 470 populus
962 422 1104 458 ruentis
1356 429 1385 452 25

329 478 471 529 Imperi
491 480 627 518 rebus?
648 493 760 530 prece
779 483 854 530 quii
873 481 1029 531 fatigent

329 540 503 589 Virgines
521 549 658 577 sanctae
677 540 799 578 minus
820 541 1032 578 audientem

513 600 689 636 Carmina
708 602 883 637 Vestam?

330 658 402 696 Cui
421 657 527 696 dabit
548 667 672 709 partes
692 660 811 696 scelus
829 660 1007 709 expiandi
1022 660 1037 683 8

330 718 502 768 Jupiter?
519 718 686 755 Tandem
704 718 851 765 venias,
872 732 1088 768 precamur,
1353 727 1385 752 3ο

329 777 442 815 Nube
462 777 663 815 candentes
680 778 859 815 humeros
878 779 1054 825 amictus,

508 839 642 887 Augur
659 838 795 888 Apollo
802 853 813 885 3

329 897 418 935 Sive
438 906 478 934 tu
496 897 632 944 mavis,
653 897 816 947 Erycina
833 905 847 927 9
864 898 1008 945 ridens,

330 961 455 1004 Quam
472 962 586 996 Jocus
605 958 852 996 circumvolat
871 967 908 996 et
927 958 1090 1009 Cupido;

329 1018 417 1056 Sive
435 1019 647 1068 neglectum
666 1026 819 1068 genus¹0
835 1029 873 1058 et
891 1028 1047 1070 nepotes
1353 1030 1383 1054 35

512 1079 700 1129 Respicis,
718 1089 867 1126 auctor,
1266 1080 1268 1083 ’

197 1182 352 1224 (octavio
365 1180 505 1223 scilicet)
518 1188 674 1212 reservata
686 1181 767 1212 ultio
822 1184 980 1223 Vestaque
1009 1189 1112 1212 macer
1142 1184 1221 1224 Quoe
1255 1186 1386 1216 Tuscum

188 1229 235 1260 de
252 1229 382 1260 Caesaris
395 1239 483 1259 nece.
499 1228 696 1260 Adulatorie.

242 1275 275 1306 6.
302 1274 423 1305 Audiet
442 1274 569 1306 cioca...
592 1285 659 1306 non
682 1284 766 1305 nova

193 1321 276 1352 bella
300 1321 422 1358 civilia,
442 1329 479 1352 ut
496 1322 686 1352 recentiores
707 1331 764 1352 vo-

193 1374 260 1398 unt
271 1369 477 1407 interpretes,
491 1367 541 1396 his
550 1374 688 1407 quatuor
697 1378 765 1397 ver-

195 1413 274 1445 ibus
303 1411 468 1454 portendit
499 1419 585 1443 vates
596 1435 604 1450 ‚
635 1413 692 1443 sed
722 1424 762 1444 ex

189 1461 357 1502 praeteritis
373 1459 558 1489 vastitatem.
578 1475 625 1481 -—
644 1459 762 1490 Graves

188 1509 296 1537 Persae
320 1516 328 1536 :
350 1507 516 1536 Persarum
536 1506 666 1536 nomine
688 1508 761 1536 Par-

190 1552 263 1583 thos
286 1550 459 1593 significat,
485 1552 587 1582 Crassi
611 1551 712 1590 caede,
730 1559 762 1582 et

189 1599 319 1629 Caesaris
331 1608 409 1628 nece
422 1598 477 1639 qni
490 1598 645 1629 ultionem
658 1599 761 1629 Crassi

188 1645 336 1685 parabat,
359 1644 557 1675 ferocientes.
577 1661 623 1667 -—
640 1643 762 1675 Audiet

189 1693 316 1733 Pugaas
325 1702 338 1727 ;
356 1700 466 1721 sensns
479 1700 487 1722 :
507 1701 583 1720 rara
590 1690 756 1732 juvencus,

186 1737 222 1768 id
235 1745 298 1775 est,
317 1738 438 1778 posteri
455 1738 571 1774 nostri,
591 1738 687 1778 pauci
702 1737 758 1767 ’ad-

186 1782 321 1815 modum
351 1794 392 1814 ex
425 1783 584 1814 bellorum
614 1783 757 1813 civilium

187 1830 357 1872 relliquiis,
374 1836 405 1860 et
425 1829 516 1867 ideo,
530 1827 626 1870 culpd
636 1840 757 1870 paren-

187 1884 269 1914 tum,
290 1877 368 1914 rari,
385 1874 561 1907 audiena..

235 1933 266 1962 7.
286 1924 387 1964 Quem
403 1929 499 1953 ‘vocet
512 1920 618 1952 diutim
640 1920 763 1962 impert*

186 1969 299 2000 rebus?
313 1967 449 1999 subaud.
464 1967 691 1999 sustentandis.
707 1986 754 1993 —-

182 2026 280 2058 prece
293 2012 528 2057 qudfatigent;
539 2015 678 2055 repetitis
688 2025 755 2055 pre-

186 2062 277 2093 cibus
290 2062 445 2093 infensam
458 2067 490 2091 et
507 2060 608 2091 minias
624 2061 755 2091 audien-

182 2117 246 2140 tem
263 2131 273 2145 ,
293 2107 328 2139 id
349 2115 410 2146 est,
431 2107 543 2139 audire
561 2115 755 2138 recusantem

183 2158 311 2193 Vesm
341 2154 492 2185 flectant?
515 2172 560 2178 —-
591 2155 718 2184 Vestam
742 2166 753 2184 .-

186 2202 223 2232 in
237 2201 330 2239 cujus
356 2201 508 2242 peculiari
530 2199 627 2231 tutelzl
647 2201 750 2242 posita

180 2254 245 2278 erat
270 2249 422 2279 Romanae
444 2247 629 2290 reipublicae
651 2247 745 2279 salus.

823 1228 958 1259 Tiberim
977 1235 1010 1259 et
1023 1231 1172 1260 Romana
1181 1230 1312 1271 palacia
1326 1242 1386 1263 ser-

820 1285 883 1306 vas.
900 1275 990 1316 Virg.
1008 1276 1123 1318 Georg.
1140 1277 1171 1314 1,
1192 1277 1269 1308 500.

866 1322 896 1352 8.
929 1323 1042 1352 Partes
1065 1322 1226 1363 expiandi
1246 1324 1346 1354 scelus
1370 1336 1382 1355 :

817 1377 949 1405 munus,
972 1366 1126 1400 officium.
1145 1385 1192 1392 ·-·-
1218 1370 1382 1407 Tandem,-

814 1413 991 1455 longiorem
1003 1424 1126 1446 moram
1137 1422 1277 1455 accusat,
1291 1423 1322 1448 et
1334 1417 1384 1447 ad-

813 1466 946 1490 ventum
967 1461 1108 1491 numinis
1129 1463 1305 1503 propitium
1328 1474 1382 1493 ur-

814 1516 885 1547 gere
903 1505 1039 1537 videtur.
1056 1524 1102 1531 —·
1125 1508 1218 1539 Nube
1237 1509 1380 1540 canden-

813 1559 859 1582 tes
880 1563 891 1582 :
913 1553 1104 1594 refulgentes
1125 1554 1237 1585 nimbo
1258 1555 1378 1588 lucido.

813 1599 963 1629 Praeclara
980 1600 1083 1641 imago
1097 1600 1257 1641 Apollinis
1269 1603 1380 1644 propi-

814 1645 866 1675 tii!
891 1645 1026 1677 Nimbus
1048 1645 1175 1678 lucidus
1192 1646 1324 1679 deorum
1338 1649 1381 1680 fn·

814 1701 937 1731 vorem,
963 1698 1029 1722 ater
1053 1693 1134 1723 iram
1154 1695 1291 1726 nuntiat.
1311 1695 1383 1726 Ho-

812 1748 919 1767 merus
953 1737 1042 1770 Iliad.
1072 1748 1112 1776 α,
1146 1745 1200 1779 47,
1230 1739 1270 1771 'de
1297 1741 1379 1772 irato

810 1783 983 1824 Apolline:
1001 1783 1015 1815 ὁ
1033 1781 1063 1815 δ’
1076 1783 1124 1819 ἤιε
1147 1782 1237 1816 νυκτὶ
1256 1784 1377 1826 ἐοικώς,

809 1830 973 1862 descendit
983 1838 1090 1862 autem
1102 1831 1191 1862 nocti
1200 1831 1320 1865 similis.
1331 1850 1378 1858 --

808 1878 932 1918 Augur,
953 1883 1054 1916 vates,
1073 1878 1128 1919 qui
1146 1880 1308 1919 praescntit
1328 1879 1377 1910 fu-

806 1929 891 1962 tura,
907 1924 963 1964 qui
977 1924 1103 1954 oracula
1118 1924 1236 1957 fundit.
1255 1965 1258 1968 Δ

851 1980 883 2010 9.
902 1969 1046 2010 Erycina
1059 1981 1070 1999 :
1087 1972 1198 2002 Venus
1208 1993 1218 2009 ,
1231 1972 1278 2002 sic
1292 1970 1375 2003 dicta

809 2014 848 2044 ab
863 2017 981 2058 Eryce,
995 2016 1109 2047 Siciliae
1122 2022 1247 2055 monte,
1262 2019 1298 2049 in
1310 2029 1375 2060 quo

809 2062 962 2103 templum
979 2063 1009 2092 ei
1025 2069 1223 2094 exstructum
1245 2063 1376 2096 nobilis-

808 2108 922 2139 simum
949 2109 1020 2139 fuit.
1047 2109 1161 2151 Virgil.
1183 2109 1305 2142 AEneid.
1330 2112 1374 2149 V,

809 2155 908 2233 752).
933 2202 1122 2244 Neglectum
1141 2212 1245 2244 genus
1265 2214 1276 2233 :
1300 2202 1371 2234 stir-

805 2257 876 2288 pem
901 2255 1006 2287 tuam,
1029 2248 1049 2279 ὂ
1072 2249 1371 2287 Mavorssnomuli
