1456 2508
229 106 294 129 202

611 98 652 138 Q.
676 95 864 129 noRA'rn
887 95 1038 128 mem

332 156 463 205 Longa
477 153 683 192 Tithonum
701 153 838 191 minuit
855 162 1027 191 senectus
1044 160 1060 183 ⁹
1078 166 1087 189 :
1386 161 1416 186 30

333 217 380 253 Et
399 215 492 252 mihi
510 215 638 253 forsan
649 242 660 261 ‚
677 214 749 252 tibi
766 214 871 264 quod
888 214 1053 264 negarit,

594 273 767 325 Porriget
784 274 890 311 hora.

333 335 386 371 Te
405 346 535 384 greges
554 342 705 372 centum
724 340 765 380 ¹0,
785 334 996 384 Siculaeque
1015 331 1158 371 circum

332 393 510 443 Mugiunt
526 407 650 432 vaccae
656 408 667 440 3
683 393 755 432 tibi
773 393 870 431 tollit
888 393 1080 431 hinnitum

332 455 432 502 Apta
449 453 642 504 quadrigis
659 465 757 503 equa
776 466 785 488 ε
806 460 843 490 te
860 451 920 490 bis
937 452 1031 490 Afro
1385 458 1414 482 35

593 513 742 551 Murice
761 513 886 550 tinctae

334 573 508 610 Vestiunt
526 572 619 610 lanae
640 587 648 610 :
668 573 762 610 mihi
780 584 899 622 parva
916 584 1009 609 rura
1025 579 1066 619 ¹¹,
1086 579 1123 609 et

334 633 518 684 Spiritum
537 633 662 672 Graiae
679 641 830 671 tenuem
849 633 1034 671 Camoenae

227 803 431 844 interpretes,
455 802 497 833 ob
521 802 715 833 vicinitatem
741 812 796 832 vo-

229 849 291 887 cis,
325 848 434 887 lecum,
466 849 501 879 in
539 859 634 879 versu
676 859 793 890 praece-

229 895 318 925 denti
361 896 530 936 appositae,
561 894 694 926 malunt.
736 897 796 926 Per

228 941 349 972 lentum
367 941 471 972 autem
487 941 599 978 risum,
615 941 715 971 risum
730 952 796 971 mo-

226 987 370 1018 deratum
381 1010 389 1026 ,
399 994 430 1018 et
443 988 601 1018 severitati
613 988 794 1029 propiorem

225 1033 418 1075 intelligunt.
437 1036 518 1075 Quae
541 1033 669 1075 quidem
696 1034 794 1064 iuter-

227 1081 362 1122 pretatio
386 1079 466 1110 mihi
498 1079 579 1110 dura
611 1078 738 1110 videtur
764 1086 796 1110 et

225 1126 316 1158 nullo
346 1125 408 1157 alio
433 1126 580 1168 exemplo
610 1125 794 1168 approbata.

224 1171 338 1204 Malim
372 1173 595 1214 repetitionem
605 1194 614 1211 ,
640 1182 714 1214 quae
739 1182 794 1203 ne-

225 1219 407 1262 gligentiam
424 1217 547 1250 tantum
565 1225 685 1261 arguat.

272 1275 307 1306 9.
321 1267 434 1308 Longa
447 1265 613 1296 Tithonum
628 1264 743 1295 minuit
752 1275 797 1295 se-

227 1319 336 1342 nectus
349 1323 360 1342 .·
374 1312 566 1353 decrepitam
580 1318 611 1342 et
627 1311 795 1353 ingloriam

227 1357 360 1390 Tithoni
372 1365 568 1389 senectutem
583 1358 718 1399 opponit
732 1357 796 1398 glo-

227 1405 283 1436 riae
292 1405 427 1437 Achillis
439 1428 448 1444 ‚
456 1403 643 1447 praematura
654 1404 794 1446 quidem,

225 1450 281 1482 sed
310 1451 442 1489 illustri,
464 1451 518 1482 sed
544 1453 580 1483 iu
604 1458 794 1493 perpetuum

227 1497 415 1529 celebranda
442 1505 544 1529 morte
565 1498 742 1540 perempti,
764 1505 796 1528 et

227 1543 354 1575 duobus
393 1544 443 1575 his
475 1545 628 1586 exemplis
659 1544 794 1585 probat,

226 1590 309 1620 nihil
319 1601 385 1621 esse
400 1602 443 1622 ex
456 1591 647 1632 omniparte
656 1591 793 1622 beatum.

226 1638 318 1667 -Ec
332 1636 412 1667 mihi
415 1637 532 1679 jbrsaein
542 1660 551 1675 ,
569 1637 626 1669 tibi
637 1637 726 1678 quod
737 1647 788 1667 ne-

223 1681 312 1724 gcirit
321 1683 468 1725 Por-riget
480 1683 559 1715 hora
569 1684 674 1722 :hora‚
685 1683 719 1714 id
729 1689 786 1721 est,

226 1736 350 1771 tempus
373 1729 452 1760 mihi
473 1741 540 1761 non
567 1730 688 1772 petenti
708 1730 793 1760 ultro

225 1774 343 1806 deferet
355 1775 442 1817 quod
460 1784 496 1807 tu
511 1776 627 1807 frustra
645 1777 727 1807 votis
741 1787 793 1807 ex-

224 1823 383 1863 petiveris.

275 1878 326 1899 10.
344 1869 388 1899 Te
397 1879 510 1911 greges
523 1876 649 1899 centum
665 1879 677 1898 .·
696 1867 791 1909 quani

226 1913 318 1944 docte
330 1915 504 1955 simplicem
525 1921 557 1945 et
575 1914 693 1945 undam
705 1915 791 1944 illam

225 1962 435 1992 seutentiam:
453 1968 488 1992 tu
506 1961 646 2002 possides
666 1971 789 2003 greges,

226 2017 335 2038 vaccas
347 2007 476 2046 Siculas,
488 2015 588 2038 vestes
598 2017 787 2049 purpureas3

224 2052 320 2093 quam
336 2054 461 2094 poetice
477 2055 594 2085 variat:
611 2055 639 2084 T
637 2065 655 2084 e
673 2053 787 2084 cit-ciem

225 2099 384 2141 mugiunt,
413 2099 471 2130 tibi
499 2100 583 2131 tollit
607 2099 762 2131 hinnitum
778 2123 787 2138 ‚

223 2151 254 2174 te
271 2146 428 2177 vestiunt!
436 2147 553 2178 Siculas
565 2153 655 2178 notat
668 2157 787 2184 vaccas,

222 2197 298 2232 quas
312 2193 483 2235 opulentus
498 2192 594 2224 herus
613 2193 648 2225 iu
663 2191 768 2226 Sicilia
778 2215 787 2232 ‚

846 800 904 831 ubi
915 811 1031 843 pascua
1046 808 1138 834 erant
1148 801 1411 844 praestantissima,

847 847 886 877 ad
902 847 1097 890 praediorum
1110 859 1242 879 suorum
1256 848 1410 880 honorem

847 900 878 924 et
905 894 1073 925 utilitatem
1108 897 1322 927 accersiverat.
1348 897 1414 928 Nos

846 939 942 970 hodie
966 940 1144 972 diceremus
1166 951 1174 973 :
1198 952 1321 972 vaccas
1337 942 1413 972 Hel-

847 986 1020 1018 veticas.—
1027 988 1116 1028 Apta
1132 987 1298 1030 quadrigis
1310 998 1393 1029 equa
1402 999 1413 1018 :

848 1032 888 1063 de
915 1033 1077 1074 quadrigis
1109 1034 1160 1065 vel
1193 1034 1410 1073 Circensibus,

847 1079 899 1109 vel
910 1079 1169 1120 Triumphalihus
1183 1080 1336 1122 loquitur,
1346 1082 1413 1122 qui-

847 1124 908 1155 bus
929 1125 1146 1167 jungebantur
1161 1127 1234 1168 equi
1251 1126 1412 1159 nobilissi-

847 1172 914 1209 mi,
936 1178 967 1201 et
985 1170 1100 1214 saepius
1116 1183 1220 1215 equae,
1236 1174 1264 1204 si
1276 1174 1412 1215 Virgilio

848 1216 970 1256 credas,
990 1219 1109 1260 Georg.
1126 1221 1160 1258 Ι,
1176 1221 1218 1260 59
1233 1231 1244 1250 .·
1259 1219 1412 1251 Eliadum

844 1263 975 1304 palmas
989 1265 1104 1306 Epirus
1118 1266 1412 1308 eqtaeamm.—Afro

848 1320 966 1341 murice
984 1321 996 1341 .·
1013 1322 1146 1352 murex,
1165 1313 1183 1344 ὲ
1209 1313 1299 1353 cujus
1317 1323 1412 1344 succo

847 1356 936 1388 color
950 1367 1130 1399 purpureus
1156 1359 1393 1400 exprimebatur
1403 1383 1411 1398 ,

848 1403 888 1434 ad
911 1403 1018 1434 littora
1042 1405 1160 1436 Africae
1191 1407 1262 1448 capi
1281 1405 1411 1438 solebat.

846 1450 931 1481 Hinc
957 1449 1043 1480 iufra
1065 1452 1164 1492 Epist.
1193 1453 1240 1490 11,
1259 1462 1298 1490 2,
1326 1452 1385 1483 181
1402 1475 1410 1491 ‚

846 1503 952 1528 vestes
983 1497 1108 1528 Gaetulo
1141 1498 1258 1529 murice
1285 1498 1410 1530 tinctas.

846 1543 1005 1575 Muricem
1039 1543 1056 1574 ὁ
1079 1543 1239 1575 Phoenicia
1283 1555 1412 1586 quoque

847 1589 982 1622 Romani
1002 1590 1226 1629 extrahebant,
1235 1591 1322 1622 uude
1348 1591 1412 1633 ple-

838 1645 985 1676 rumque,
1000 1636 1110 1675 Tyrius
1116 1637 1167 1668 vel
1178 1637 1326 1668 Sidonius
1335 1638 1413 1669 dici-

846 1690 911 1714 tur.

897 1739 948 1759 xx.
976 1726 1059 1759 Mihi
1087 1740 1191 1771 parva
1223 1740 1324 1760 rura:
1348 1729 1412 1760 sor-

846 1783 933 1807 tunae
973 1785 1038 1806 suae
1079 1775 1328 1806 mediocritatem
1366 1776 1410 1806 fa—

846 1830 946 1858 tetur3
967 1832 1000 1852 se
1021 1822 1125 1853 tamen
1152 1822 1275 1853 felicem
1299 1822 1410 1861 jactat,

845 1870 902 1910 qui
922 1869 939 1900 a
958 1867 1070 1901 naturai
1094 1869 1223 1910 genium
1247 1869 1411 1909 poeticum

843 1917 994 1947 omnibus
1018 1914 1135 1956 opibus
1164 1914 1410 1955 comparandum

842 1963 972 1992 sortitus
1003 1962 1053 1991 sit.
1069 1977 1115 1984 --
1136 1960 1283 2001 Spiritum
1303 1960 1410 1991 Graioe

841 2013 969 2039 tenuem
996 2008 1158 2038 Camoenae
1175 2018 1186 2037 :
1206 2006 1408 2037 scintillulam

841 2053 977 2095 aliquam
1003 2054 1085 2095 ignis
1111 2053 1196 2084 illius
1222 2053 1403 2093 Apollinei,

840 2111 905 2140 quo
933 2107 1034 2142 poetae
1050 2100 1162 2142 graeei,
1179 2098 1332 2131 Pindarus
1351 2099 1409 2129 sci-

839 2146 916 2177 licet
925 2169 934 2185 ,
948 2147 1076 2178 Alcaeus
1085 2169 1094 2184 ‚
1107 2145 1236 2188 Sappho
1245 2167 1255 2184 ‚
1268 2155 1405 2187 quorum

841 2203 873 2224 se
895 2192 1046 2225 humilem
1068 2192 1259 2235 discipulum
1276 2189 1404 2233 profit&
