1456 2508
542 105 628 136 LIB.v
646 105 665 136 l
689 104 777 138 ODE
802 105 829 136 1.
1254 105 1299 137 25

207 163 408 202 Mercator
424 169 618 210 metuens,
638 162 764 202 otium
781 171 820 202 et
832 161 975 214 >oppidi

206 223 359 262 Laudat
376 237 470 262 rura
487 224 548 262 sui
567 239 577 261 ε
597 236 690 262 mox
707 223 831 262 reficit
847 232 949 262 rates

207 288 394 334 Quassas,
412 285 592 324 indocilis
611 286 840 337 pauperiem
859 285 953 336 pati.

207 349 275 386 Est
297 355 337 395 ¹²,
356 347 425 398 qui
439 360 512 385 nec
528 346 670 384 veteris
690 345 832 397 pocula
850 346 1023 394 Massici,

207 410 289 446 Nec
306 417 455 459 partem
469 406 592 446 solido
610 406 765 444 demere
782 406 830 444 de
848 406 911 445 die
1263 426 1294 442 ιο

208 471 384 522 Spernit,
403 484 506 508 nuuc
524 469 642 509 viridi
661 468 836 507 membra
855 469 928 508 sub
949 468 1090 508 arbuto

208 534 378 580 Stratus,
397 545 500 569 nunc
519 531 568 570 ad
588 544 698 582 aquae
718 530 802 568 lene
822 539 940 582 caput
958 543 1088 569 sacrae.

209 594 354 631 Multos
373 602 498 631 castra
508 592 700 644 juvant¹³‚
721 601 760 630 et
782 592 879 630 lituo
898 591 1002 631 tubae

208 655 424 693 Permixtas
441 653 608 702 sonitus,
628 653 807 705 bellaque
824 653 1014 693 matribus

208 717 416 755 Detestata.
437 717 570 754 Manet
589 714 662 754 sub
682 718 778 754 Jove
798 715 940 767 frigido
963 716 991 745 ¹4
1263 727 1294 751 25

76 853 164 894 losa,
183 854 270 886 inter
291 855 420 885 Samum
438 854 514 892 sita,
534 859 567 884 et
589 854 657 884 Ica-

76 901 174 940 riam,
172 890 216 932 ὰ
238 900 399 932 celebrato
414 901 496 932 Icari
517 911 593 932 casu
611 902 658 932 sic

76 947 277 991 appellatam.
290 965 338 972 -
352 948 525 991 Afiicum:
541 955 658 979 ventus

76 996 119 1028 ab
137 1006 254 1028 occasu
277 995 374 1035 flans3
398 995 569 1037 creberque
581 1007 658 1037 pro-

78 1043 186 1083 cellis,
201 1050 241 1075 ut
252 1045 296 1074 ait
305 1044 397 1086 Virg.
412 1043 538 1075 AEneid.
553 1045 584 1081 Ι,
601 1043 656 1076 85.

77 1107 127 1116 —-
143 1093 284 1134 Quassus
297 1102 309 1122 .·
322 1091 452 1123 laceras.
462 1108 511 1115 —-
525 1091 656 1122 Indoci-

79 1137 119 1171 It's
142 1138 218 1181 pati
228 1150 241 1176 ‚·
269 1138 478 1170 hellenismus
506 1137 524 1169 a
553 1140 658 1180 poetis

78 1186 178 1230 vulgo
193 1193 365 1229 usurpatus
383 1197 392 1220 :
407 1187 462 1228 qui
478 1197 546 1217 non
562 1186 657 1217 edoc-

81 1239 133 1264 tus
146 1240 214 1272 est,
231 1235 290 1276 qui
311 1245 381 1266 uon
401 1233 516 1264 didicit
537 1245 658 1276 paupe-

79 1281 160 1312 riem
178 1282 255 1324 pati.
271 1299 320 1314 -,-
343 1281 464 1323 Oppidi
483 1292 559 1312 rura
579 1281 630 1312 sui
648 1292 656 1314 Ξ

32 1363 51 1373 ,⁴
78 1338 157 1360 rura
170 1328 293 1372 oppido
310 1339 369 1361 suo
391 1329 584 1370 adjacentia;
608 1340 657 1360 se-

80 1386 204 1408 cessum
219 1377 257 1408 in
276 1377 466 1409 suburbano
487 1387 563 1415 suo3
581 1376 658 1408 hinc

77 1423 237 1468 intelligas
266 1435 326 1467 per
344 1424 558 1476 pauperiem,
589 1432 658 1453 non

79 1476 210 1516 turpem
239 1479 410 1512 egestatem
438 1470 568 1506 notari,
602 1470 659 1500 sed

79 1525 151 1558 um
162 1515 417 1548 mediocritatem
429 1527 501 1558 quae
516 1516 611 1548 avido
627 1524 659 1547 et

82 1555 251 1604 ambitioso
264 1563 390 1596 homini
402 1565 600 1607 paupertatis
614 1565 660 1596 lo-

83 1622 122 1644 00
137 1618 195 1644 081.

134 1669 187 1692 12.
208 1661 270 1692 1²01·
287 1660 400 1692 miram
416 1659 659 1702 oppositionum

81 1707 199 1739 sedem
219 1708 324 1750 pergit
348 1709 430 1739 Hor.
456 1707 547 1739 Nihil
574 1707 660 1738 enim

41 1765 53 1773 ³
81 1754 181 1798 uagis
193 1754 403 1797 agitatiasimae
414 1755 608 1796 navigatoris
618 1755 662 1785 vi-

46 1798 62 1814 '¹
82 1808 125 1834 tae
142 1803 359 1841 contrarium,
378 1801 476 1844 quam
496 1802 552 1833 illa
565 1813 660 1843 quam

82 1847 174 1881 nnnc
195 1849 365 1881 adumbrat
386 1850 447 1880 viri
462 1850 537 1880 vere
550 1850 661 1892 epicu-

83 1897 132 1928 rei
147 1895 278 1939 effigies.
290 1914 338 1920 --
351 1898 412 1928 Est
429 1896 485 1939 qui
499 1908 563 1928 non
578 1908 663 1938 sper-

87 1943 158 1975 m'e:
176 1945 233 1986 qui
254 1943 386 1986 gaudet,
411 1945 469 1986 qni
491 1945 584 1976 valde
607 1945 660 1975 de-

83 1991 242 2029 lectatus-3
270 1998 385 2033 tropus
412 2002 510 2034 quem
539 1991 660 2029 λιτὸτης

83 2038 261 2081 appellant,
274 2045 308 2069 et
318 2049 384 2080 quo
395 2050 446 2070 res
458 2050 516 2081 per
526 2039 661 2071 modum

82 2086 322 2118 extenuationis
329 2085 554 2128 amplificatur.
564 2088 615 2119 Sic
625 2089 662 2119 in

85 2133 212 2176 egregia
244 2133 387 2166 Cornelii
418 2133 571 2176 tragoedia
603 2134 616 2177 (
630 2136 661 2167 Ie

89 2179 197 2223 Gid):
212 2181 281 2218 Va,
300 2180 338 2223 je
356 2192 398 2212 ne
416 2188 446 2211 te
462 2180 533 2212 bais
546 2182 658 2223 point,

45 2250 61 2263 ..
83 2227 319 2260 vividissimum
337 2227 500 2260 Chimenae
522 2240 663 2261 amorem

85 2281 229 2309 natatur.
244 2293 293 2300 -—
314 2276 386 2307 Nec
401 2275 522 2308 veteris
525 2299 583 2310 .....
602 2288 662 2309 nec

280 2343 311 2380 1.

707 860 838 895 partem
843 877 902 886 .....
922 854 1023 895 junge
1053 851 1143 894 quod
1171 855 1297 895 poetice

712 901 870 944 disjungit
891 902 972 933 Hor.
989 899 1035 931 ita
1051 907 1088 931 ut
1102 911 1216 932 sensus
1230 902 1273 932 sit
1289 912 1296 933 :

712 956 760 980 est
772 950 830 991 qui
844 960 911 982 non
926 948 1051 990 spernit
1067 947 1212 986 demere,
1231 949 1299 980 adi-

712 1007 799 1028 mere
812 996 911 1027 rebus
923 995 1089 1039 gerendis,
1100 1003 1131 1026 et
1144 996 1298 1028 hilaritati

712 1044 788 1075 dare
807 1051 939 1085 partem
960 1044 1002 1074 de
1019 1043 1072 1075 die
1094 1043 1216 1081 solido,
1238 1045 1298 1086 qui

711 1091 850 1130 solidus,
867 1092 924 1133 qui
942 1097 1050 1130 totus,
1076 1092 1133 1133 qui
1155 1092 1224 1123 sine
1248 1093 1298 1122 in-

712 1140 914 1171 termissione
931 1139 1030 1170 rebus
1048 1139 1138 1170 seriis
1153 1138 1300 1182 impendi

712 1187 880 1218 debuerat.
893 1205 942 1210 —
955 1186 1096 1218 Arbacus
1109 1198 1121 1217 .·
1135 1197 1238 1230 genus
1252 1197 1300 1218 ar-

711 1235 801 1266 boris
815 1233 1060 1278 (l'arbousier),
1072 1245 1134 1276 pro
1152 1233 1299 1276 qualibet

711 1283 892 1314 arbore.——
903 1284 1029 1314 Stratus
1042 1282 1202 1321 membra,
1219 1292 1298 1322 gra:-

712 1330 747 1361 ci:
755 1353 763 1368 ‚
774 1341 850 1372 pro,
865 1330 1018 1362 membris
1027 1329 1294 1360 stratis—Nunc

711 1378 760 1411 ad
773 1387 918 1416 aalma...
937 1374 1042 1406 fontes
1057 1385 1155 1405 suum
1173 1386 1298 1408 numen

710 1423 875 1454 habebant
892 1432 900 1454 :
917 1423 964 1453 sie
977 1423 1067 1465 Virg.
1089 1422 1158 1455 Ecl.
1175 1425 1207 1462 1,
1230 1424 1272 1455 53
1285 1448 1294 1464 ,

713 1479 746 1502 et
751 1470 868 1513 fimces
882 1480 1000 1501 sacros.

765 1519 818 1549 13.
849 1518 972 1549 filultos
999 1524 1108 1548 castra
1137 1517 1259 1561 juvant
1284 1532 1296 1551 .-

713 1566 842 1596 mollem
856 1565 998 1596 hominis
1012 1567 1115 1607 quieti
1127 1573 1160 1596 et
1179 1577 1298 1599 comes-

713 1613 892 1644 sationibus
910 1613 1033 1644 addicti
1055 1614 1154 1644 vitam
1176 1616 1299 1657 exeipit

712 1661 878 1692 bellatoris
906 1661 1023 1703 imago.
1056 1662 1108 1692 Sic
1137 1663 1297 1694 continuo

713 1708 771 1740 illo
790 1708 944 1739 dictionis
967 1716 1221 1750 temperamento
1239 1720 1296 1754 μο-

714 1752 853 1787 voi-ovium
861 1755 976 1798 effugit
985 1758 1080 1795 Hor„
1091 1757 1207 1788 vitium
1219 1758 1299 1790 Cha-

715 1815 740 1834 ri
735 1803 832 1835 tibus
845 1803 1109 1836 infensissimum.
1123 1822 1173 1829 —
1187 1805 1299 1838 Limus

715 1852 864 1892 equitum
885 1857 933 1882 est
955 1858 987 1882 et
1005 1852 1181 1892 incurvus3
1197 1853 1295 1892 tuba,

714 1899 864 1940 peditum
878 1906 911 1929 et
928 1897 1060 1931 directa.
1074 1917 1122 1923 -
1136 1900 1299 1943 Bellaque

714 1946 868 1977 matribus
885 1946 1070 1985 detestata;
1063 1958 1131 2003 ·Qc
1151 1947 1235 1979 infra
1251 1951 1295 1988 V,

719 1994 776 2033 16,
806 1993 1081 2036 Parentibusque'
1090 1993 1296 2026 abominatus

715 2040 870 2074 Annibal.
879 2041 931 2074 stc
940 2043 1034 2084 Virg
1044 2043 1295 2081 AEn.x1,215:

715 2088 780 2120 Hie
801 2096 935 2126 matres,
963 2089 1154 2131 misera’que
1176 2101 1294 2129 nurus,

716 2135 769 2167 hic
795 2147 875 2167 cara
897 2147 1026 2168 suorum
1056 2138 1195 2168 Pectora
1221 2148 1299 2169 moe-

715 2191 841 2215 rentum
851 2208 860 2221 ,
873 2184 1032 2225 puerique
1043 2184 1235 2226 parentibus
1249 2195 1298 2217 or-

717 2231 749 2262 bi
761 2231 875 2263 Dirum
891 2239 1104 2262 exsecrantur
1118 2231 1248 2264 bellum.

769 2285 822 2316 14.
846 2280 964 2311 Manet
978 2278 1034 2310 sub
1057 2281 1135 2311 Jove
1149 2279 1297 2324 frigido,

1148 2345 1169 2382 3
