1456 2508
234 0 255 11 ⁷³
279 0 281 3 “
311 0 314 3 “

43 0 211 62 ΜΕΝ

117 35 139 47 ,,
166 36 171 39 .

46 64 66 79 zv.
82 54 96 75 4
164 62 167 64 “

493 114 574 148 ΠΒ.
598 113 650 146 111
672 115 761 148 ODE
783 115 862 148 XV.

1233 115 1302 148 285

289 177 496 228 Expugnat
507 176 695 229 juvenum
714 176 851 215 domos
862 205 874 224 ‚

185 237 299 276 Pulso
316 237 460 289 Thyias
474 239 532 278 uti
550 238 702 277 concita
719 246 916 290 tympano,
1258 255 1289 272 ιο

291 299 400 339 Illam
415 300 521 353 cogit
540 313 651 339 amor
669 300 793 340 Nothi

185 360 356 399 Lascivae
372 360 535 400 similem
552 361 688 400 ludere
706 374 879 414 capreae3

290 423 348 460 Te
364 422 461 461 lanae
479 424 603 475 prope
619 422 791 462 nobilem

186 483 323 521 Tonsae
343 483 548 522 Luceriam
567 484 596 534 4,
613 497 692 523 non
715 483 894 532 citharae,
910 483 1050 522 decent
1062 511 1073 531 ,

290 547 373 584 Nec
388 545 463 584 flos·
475 560 697 599 purpureus
712 559 811 584 rosae
822 575 834 594 ,
1266 553 1296 579 1⁵

185 607 267 645 Nec
283 606 389 658 poti,
407 608 597 656 vetulam,
613 608 706 646 saece
721 610 832 646 tenus
851 605 949 645 cadi.

79 741 196 774 meinis
209 752 222 773 .·
237 740 305 774 fllia
338 748 413 781 tna,
432 741 563 773 meliori
585 742 659 782 jure

77 787 176 832 quim
201 795 259 828 tu,
289 789 331 821 ad
355 788 510 831 juvenum
547 788 660 821 domos

78 836 198 876 currit,
209 843 243 868 et
259 837 295 868 in
309 847 362 868 eas
376 837 519 878 erumpit
530 858 539 875 ,
555 837 659 869 veluti

81 882 219 925 Thyias,
245 884 366 916 Bacchi
395 883 542 915 sacerdos
552 907 562 924 ,
576 892 658 922 trm-

71 941 237 973 panorum
246 932 345 974 pulsu
361 931 531 964 concitata.
543 932 656 963 Innuit

77 978 205 1011 nullum
219 989 286 1011 esse
299 980 453 1020 juvenem
470 977 536 1010 tam
551 980 656 1011 conti-

77 1034 209 1058 nentem
227 1037 322 1069 quem
339 1026 462 1059 Pholoe
479 1037 549 1060 non
563 1027 656 1059 facile

77 1074 398 1115 pervertat.—Illam
403 1097 460 1106 .....
488 1075 534 1105 Te
553 1085 565 1105 :
579 1081 656 1106 nota

76 1119 338 1153 distributionem
349 1122 489 1164 partium
494 1122 658 1153 .—Amor

75 1167 181 1200 Nothi
199 1179 212 1199 .·
235 1179 325 1200 amor
345 1179 440 1210 quem
454 1168 489 1199 in
506 1169 653 1202 Nothum

75 1217 253 1258 experitur.
274 1214 322 1260 §-
345 1215 470 1247 Ludere
497 1226 509 1247 .·
539 1215 654 1248 eodem

73 1271 169 1294 sensu
182 1273 247 1306 quo
259 1273 347 1306 supr.

127 1316 159 1348 4.
179 1312 280 1343 Lanae
290 1309 393 1353 prop&
411 1308 551 1342 nobilem
572 1311 655 1343 Ton-

712 753 758 773 soe
788 740 959 772 Luceriam
980 752 994 772 .·
1019 741 1156 774 Luceria
1183 741 1297 774 civitas

712 795 760 820 est
775 789 906 831 Apuliae
915 812 924 828 ‚
941 787 1026 821 circa
1035 799 1134 832 quam
1146 789 1229 821 lanae
1241 799 1297 832 op-

695 869 700 872 ,
711 837 798 868 timae
811 836 1042 869 tondebantur.
1053 837 1167 877 Porro,
1177 835 1295 879 saepins

710 883 878 915 accidebat
905 890 944 916 ut
971 885 1174 924 meretrices,
1204 885 1297 916 ineli-

711 938 811 963 nante
830 938 938 971 aetate,
961 931 980 963 ὲ
1007 931 1067 964 vili
1090 932 1148 963 illo
1169 938 1296 975 quaestu

710 978 750 1010 ad
761 979 867 1010 lanam
884 985 916 1010 et
931 978 1041 1010 colum
1058 980 1295 1012 transirent.—

709 1026 800 1058 Νὰιη
822 1037 895 1069 quoe
913 1025 992 1071 fida
1003 1026 1076 1069 filie
1103 1026 1207 1065 nulli,
1217 1034 1297 1070 pose

708 1073 804 1105 victa
828 1071 977 1111 senecta,
997 1073 1098 1106 Ducit
1115 1074 1209 1116 inops
1227 1081 1292 1110 ere-

709 1119 801 1152 muld
815 1120 960 1153 scamina
975 1127 1060 1152 torta
1085 1132 1197 1154 manu.
1216 1120 1290 1154 Tib.

708 1170 743 1208 1,
763 1179 779 1209 7
794 1192 803 1208 ‚
823 1169 1000 1209 77.—Nec
1016 1167 1181 1212 pocisaece
1199 1169 1292 1200 cenas

707 1216 786 1247 cadi
793 1227 805 1246 .·
814 1226 876 1247 nec
886 1217 1134 1248 comessationes
1143 1216 1203 1247 ubi
1211 1226 1295 1247 ama-

707 1270 793 1297 tores
810 1264 847 1295 in
862 1264 1020 1296 honorem
1041 1263 1224 1306 puellarum
1239 1274 1292 1295 ca-

707 1311 766 1343 dos
780 1311 820 1343 ad
835 1311 943 1343 faecem
958 1310 1168 1344 exhauriunt.

427 1780 951 1803 -—-—--0-0⁶————
