1404 2482
457 127 537 160 Lm.
562 127 614 158 111
636 128 725 160 ODE
746 129 869 160 XXVI.

1213 127 1277 157 321

166 185 354 223 Custodit.
376 183 469 233 Hic,
488 184 552 223 hic
570 188 703 238 ponite
723 185 737 207 ³
761 187 888 226 lucida

220 249 249 284 F
251 248 395 295 unalia,
416 256 455 285 et
472 257 618 295 vectes,
639 259 677 287 et
697 262 809 287 arcus

273 309 472 360 Oppositis
492 309 641 348 foribus
658 310 837 348 minaces.

168 373 203 408 O
220 374 228 408 l
249 383 334 422 quae
350 370 520 418 beatam,
540 372 640 409 Diva
652 401 662 419 ‚
688 381 794 410 tenes
811 375 983 423 Cyprum
998 401 1009 420 ,
1026 379 1064 409 et

167 430 368 481 Memphin
388 439 581 469 carentem
600 432 778 471 Sithonia
794 434 903 480 nive,

221 491 386 542 Regina,
403 491 558 529 sublimi
575 492 725 544 flagello

273 555 404 603 Tange
418 552 564 591 Chloen
583 554 698 591 semel
715 563 971 605 arrogantem.

62 685 135 712 nes,
153 674 289 717 depictae
302 675 355 706 vel
372 674 507 716 sculptae
521 675 641 717 inipso

62 723 218 754 natalium
233 730 416 761 momento,
432 721 505 753 cum
524 721 542 753 a
563 733 642 764 spu-

63 769 115 801 ma
146 770 242 801 maris
270 771 428 802 exoritur,
449 787 497 794 ·-
511 771 642 801 Laevum

65 818 150 849 latus
171 828 182 848 .-
206 817 298 848 facile
325 817 536 855 crediderim,
567 817 641 848 ideo

63 865 177 896 laevam
191 871 304 896 statuae
317 871 440 906 partem
450 865 504 895 hic
520 864 640 895 indica-

66 919 130 943 tam
151 923 235 951 esse,
248 918 286 943 ut
302 912 376 943 mali
395 918 426 943 et
447 912 641 943 infortunati

66 959 192 997 ominis,
201 959 322 1002 quippe
333 959 420 1001 quod
431 957 553 1000 aliquid
562 969 642 990 sem-

63 1006 123 1048 per
136 1007 214 1038 insit
226 1007 362 1038 tristitiae
374 1007 410 1037 in
425 1005 478 1037 iuti
496 1000 640 1037 ainornm

64 1054 232 1092 missione,
259 1064 357 1095 quam
393 1053 444 1085 vel
469 1056 642 1085 necessitas

64 1101 116 1132 vel
137 1102 205 1142 ipsa
228 1101 311 1132 ratio
332 1101 484 1143 postulat.
500 1118 548 1126 ·-—
566 1102 642 1132 Cus-

64 1148 148 1179 codic
160 1159 173 1179 .·
190 1147 307 1186 ambit,
324 1149 474 1190 protegit.»

113 1195 144 1228 3.
160 1193 224 1226 Hic
238 1194 351 1236 ponite
365 1206 376 1226 .·
393 1206 503 1227 servos
518 1196 568 1227 vel
585 1197 642 1227 mi-

63 1243 183 1273 nistros
207 1252 284 1273 suos
311 1243 497 1284 alloquitur.
517 1262 564 1267 —
581 1245 640 1274 Fu—

65 1289 158 1321 nalia
174 1300 186 1320 .·
209 1289 292 1320 faces
313 1289 432 1332 quibus
452 1292 566 1321 armati
589 1291 640 1330 ju-

64 1348 162 1369 venes
178 1338 338 1382 protervi,
343 1337 437 1381 sores
459 1338 641 1379 puellarum

65 1384 234 1416 rebellium
245 1407 254 1423 ‚
265 1384 326 1415 sibi
333 1384 495 1427 oppositas
504 1409 515 1423 ,
530 1386 641 1415 incen-

64 1442 170 1470 suros,
183 1442 217 1462 se
232 1431 620 1463 minabantur.-—-Vectes
630 1443 641 1462 :

65 1478 106 1510 ad
131 1485 241 1520 portas
269 1479 458 1510 evertendas
489 1478 567 1521 (des
595 1479 642 1510 Ie-

66 1525 175 1567 viers).
196 1543 242 1549 —-
260 1526 364 1557 Arcus
381 1537 393 1557 :
416 1527 572 1557 nocturni
594 1526 643 1556 illi

67 1583 225 1610 cursores,
242 1573 428 1615 sagittarum
441 1584 572 1614 quoque
579 1574 644 1612 jac-

67 1628 124 1660 tu,
149 1627 319 1662 portarum
346 1621 497 1652 custodes
524 1627 643 1651 terrere

69 1673 101 1699 et
112 1677 260 1699 amovere
275 1668 454 1700 tentabant.

117 1721 150 1753 4.
168 1714 333 1756 Memphin
357 1725 368 1745 .·
392 1715 508 1746 urbem
529 1715 646 1745 veteris

69 1762 200 1805 AEgypti
210 1762 404 1804 primariam,
415 1762 451 1793 in
461 1761 525 1804 qua
534 1763 647 1792 Venus

68 1810 205 1851 Rospita
245 1810 401 1851 templum
440 1808 646 1851 magnificum

68 1857 218 1888 habuisse
237 1855 394 1895 traditur3
418 1855 484 1887 vid.
499 1856 646 1887 Herodo-

69 1911 156 1941 tum,
180 1905 228 1941 11,
264 1914 347 1942 112,
376 1911 408 1934 et
433 1903 644 1940 Strabonem,

69 1953 178 1984 XVII.
199 1968 248 1975 —-
281 1951 453 1982 carentem
486 1949 646 1990 Sythom'd

67 1999 159 2030 nive.-
174 2009 231 2040 per
245 1999 405 2040 poeticam
432 1997 644 2040 periphrasim

697 674 816 706 indicat
844 675 1008 717 regionem
1040 678 1209 706 aestuosam
1246 682 1277 705 et

696 722 941 753 fervidissimam
952 734 961 760 3
974 721 1058 752 nihil
1073 721 1220 763 amplius.
1229 740 1277 746 —-

698 769 833 801 Sublimi
844 769 990 814 flagello
1009 780 1020 799 :
1046 768 1207 812 flagellum
1227 777 1275 800 at·-

697 817 834 856 tollens,
859 825 898 848 ut
927 816 1003 847 inde
1032 817 1160 858 gravior
1189 817 1276 847 ictus

694 866 730 895 in
759 865 884 896 Chloen
916 863 1061 902 decidat3
1087 864 1143 894 sed
1176 865 1274 902 mox,

694 912 786 953 quasi
799 919 911 942 votum
933 911 1063 942 crudele
1077 918 1254 942 retractans
1264 935 1274 950 ‚

695 958 920 990 delicatissima
933 960 1135 990 correctione
1149 959 1190 990 ad
1199 956 1276 1001 {seu-

694 1017 750 1037 sus
765 1006 972 1038 humaniores
990 1006 1096 1045 redit3
1110 1017 1178 1038 non
1196 1006 1276 1037 dicit

656 1066 663 1070 ·
684 1053 774 1096 fieri,
812 1054 869 1084 sed
906 1061 1026 1097 cange,
1057 1054 1147 1095 quod
1171 1054 1275 1085 multi)

694 1101 840 1139 dulcius;
857 1112 926 1132 non
939 1103 1022 1132 ictus
1039 1102 1192 1143 repetitos
1202 1111 1277 1143 pos-

695 1149 758 1186 cit,
782 1148 838 1179 sed
860 1160 927 1180 uno
951 1149 1085 1180 ultionis
1105 1149 1275 1180 levissimae

694 1197 786 1238 siguo
815 1203 1005 1234 contentus,
1034 1195 1122 1227 addit
1148 1196 1276 1233 statim,

694 1244 816 1280 seme&
833 1254 874 1274 eu
895 1254 962 1285 quo
988 1243 1052 1274 fere
1074 1244 1201 1286 semper
1231 1254 1279 1274 re-

695 1290 774 1322 cidit
805 1292 983 1322 amantium
1019 1291 1085 1323 ira!
1119 1292 1278 1324 Suavissi—

694 1349 780 1368 mam
808 1339 935 1370 Horatii
962 1339 1082 1370 furoris
1117 1339 1277 1380 picturam

694 1385 808 1416 iisdem
835 1385 938 1427 prope
960 1386 1126 1417 coloribus
1149 1397 1280 1428 expres·

695 1433 737 1463 sit
763 1443 832 1464 nou
864 1433 999 1464 ultimus
1029 1433 1115 1464 inter
1150 1440 1280 1465 nostros

694 1487 807 1521 poetas
833 1480 970 1511 eroticos
994 1479 1148 1512 Bernard.
1172 1482 1278 1512 Unam

696 1527 824 1557 inducit
837 1527 979 1568 puellam
1002 1528 1118 1559 Amori
1143 1528 1255 1559 iratam
1267 1551 1277 1566 ,

696 1585 770 1616 quae
789 1573 913 1605 crudeli
929 1574 992 1605 deo
1006 1576 1200 1606 severiorem
1214 1586 1280 1617 poe-

697 1632 772 1651 nam
787 1621 970 1653 meditatur.
987 1619 1133 1654 Primiim
1147 1622 1202 1653 illa
1218 1633 1277 1664 op-

699 1675 743 1699 tat
770 1668 893 1699 fulmen
918 1670 1030 1708 Jovis,
1047 1670 1196 1700 Herculis
1218 1670 1278 1700 cla-

700 1726 790 1753 vam,
817 1716 943 1747 Medeae
978 1727 1119 1755 venena,
1149 1718 1276 1748 mitiora

700 1761 805 1793 adhuc
816 1785 824 1801 ‚
838 1771 876 1794 ut
889 1763 952 1794 sibi
965 1763 1105 1802 videtur,
1125 1765 1277 1806 supplicii

699 1811 924 1842 instrumenta.
969 1811 1114 1853 Apparet
1154 1812 1280 1849 Amor3

698 1857 766 1896 jAm
784 1857 946 1888 deferbuit
962 1859 1080 1899 puellae
1095 1859 1277 1890 minitantis

700 1905 802 1936 furor.
824 1905 874 1937 Ne
897 1905 1002 1936 tamen
1022 1906 1128 1937 inulta
1144 1907 1278 1937 omnino

699 1951 790 1982 abeat
799 1974 808 1990 ,
822 1953 904 1983 rosis
916 1960 1020 1985 armat
1031 1962 1164 1985 manus:

376 2072 428 2103 On
443 2071 493 2102 dit
503 2069 607 2102 me¹me
623 2083 684 2113 que
702 2071 735 2102 Ia
751 2072 881 2115 ἄεν-ξένε

371 2129 468 2158 Dans
482 2138 531 2158 ses
549 2127 622 2158 bras
639 2127 756 2158 n'osoit
773 2128 803 2158 le
816 2139 963 2169 ,οι-επεν,-

372 2183 436 2219 Ec,
447 2181 613 2224 frappant
626 2182 726 2212 d'une
740 2182 832 2213 main
847 2183 971 2225 le'ge‘re,

382 2236 550 2280 Craignoic
564 2247 662 2268 encor
673 2237 713 2268 de
726 2237 757 2268 Ie
773 2237 900 2270 blesser.

484 2331 825 2348 ..4—
