1404 2482
474 134 552 168 Lm.
577 135 628 167 111
651 135 741 166 ODE
764 135 875 167 xxx,
1237 134 1302 175 339

72 269 1068 288 mmmmmfflmmmmm
1072 269 1299 282 muzussnae

364 438 518 498 ODE
563 433 1007 496 T'RIGESIMA

71 621 180 663 Quam
202 619 237 651 in
259 619 375 652 ultimo
390 620 467 652 libri
478 619 701 663 praecedentis
710 618 859 650 carmine
871 617 931 648 sibi
938 617 1014 660 jum
1023 614 1222 658 promiserat
1234 614 1300 644 Ho-

114 673 217 706 ratius
229 673 535 713 immortalitatem,
558 675 643 705 nunc
654 697 664 711 ,
687 674 836 704 absoluto
853 672 947 705 tertio
964 671 1060 710 libro,
1078 669 1213 701 certiore
1222 667 1300 710 jure

109 728 172 761 sibi
191 731 298 762 rursus
319 730 493 769 vindicat,
516 729 636 772 quippe
655 728 712 771 qui
734 728 796 760 sibi
811 728 875 771 ipsi
889 740 952 760 non
967 738 1103 770 parem,
1122 725 1183 756 sed
1198 724 1299 768 longe

110 784 308 827 superiorem
335 783 389 817 hic
408 784 615 828 praestiterit,
634 784 726 827 quod
740 783 925 826 praecipuas
954 783 1086 825 hujusce
1110 781 1185 814 libri
1214 779 1297 810 odas

112 840 290 873 revolventi
303 839 410 884 facile
428 840 639 884 munifi-stum
662 839 731 871 erit.
751 841 833 881 Quoe
853 840 962 869 autem
986 838 1216 870 austerioribus
1234 837 1297 870 cri—

111 893 183 926 τίείς
206 894 304 938 σαψ-ὰ
324 895 567 938 respondimus,
589 893 648 936 qui
669 901 786 925 vatem
812 901 958 924 nostrum
976 891 1037 924 sibi
1054 894 1183 925 tantum
1203 905 1295 925 arro-

105 961 190 993 gare
225 949 395 983 criminati
419 958 510 988 sunt,
544 949 662 982 iterare
695 959 761 979 non
796 956 921 986 vacat;
951 947 1031 980 vide
1050 950 1293 992 Argumentum

110 1004 189 1036 odes
212 1006 299 1044 XX,
331 1005 385 1038 lib.
411 1007 460 1038 11.
487 1006 662 1037 Damnent
675 1003 727 1036 illi
744 1003 892 1046 quidem,
917 1003 947 1035 si
976 1004 1104 1045 placet,
1123 1005 1295 1037 mediocris

107 1059 240 1103 ingenii
246 1067 387 1103 poetas,
408 1059 484 1104 qui,
502 1061 576 1099 cum
596 1070 663 1091 non
681 1070 770 1091 cerea
792 1068 1027 1099 monumenta,
1044 1060 1105 1092 sed
1117 1061 1251 1094 coctiles
1264 1071 1301 1093 et

109 1116 193 1148 vere
215 1127 360 1160 gypseas
367 1141 378 1156 ,
385 1116 529 1160 jamque
553 1116 588 1147 in
606 1115 774 1158 pulverem
802 1115 954 1146 redactas
979 1115 1140 1159 imagines
1161 1117 1294 1161 ingenti

109 1170 222 1203 labore
237 1172 422 1216 exegerint,
438 1171 579 1203 nobilem
595 1170 728 1203 Horatii
735 1168 903 1212 ΞΙίιιίισὶαιη
921 1171 1075 1203 oemulari
1085 1196 1097 1211 ,
1116 1179 1149 1204 et
1159 1174 1291 1217 grande

106 1225 305 1258 vaticinium
327 1226 390 1257 sibi
412 1237 575 1258 assumere
599 1227 674 1257 ausi
690 1233 786 1264 sunt;
801 1226 862 1257 sed
876 1226 1067 1258 condonent
1081 1234 1191 1269 poetce
1208 1229 1290 1260 ‘vere'-

106 1279 302 1319 immortali,
313 1281 405 1324 quod
423 1289 558 1313 aetatum
580 1281 782 1324 sequentium
793 1281 922 1324 judicio
946 1282 1072 1313 obviam
1102 1282 1212 1322 iverit,
1233 1294 1287 1315 ne-

106 1346 170 1378 que
182 1334 281 1368 aliud
295 1336 337 1368 de
358 1347 392 1368 se
397 1336 661 1379 praesumpserit,
678 1337 778 1379 qulam
793 1337 884 1380 quod
904 1338 1060 1370 unanimi
1074 1338 1286 1372 eruditiorum

102 1390 323 1424 litteratorum
338 1401 498 1425 consensu
510 1393 715 1426 declaratum
731 1392 827 1426 hodie
848 1402 977 1434 manet,
999 1403 1032 1428 et
1046 1395 1284 1439 inperpetuum

100 1446 250 1480 manebit
262 1447 503 1493 confimatum.

139 1612 267 1650 Exnm
282 1618 577 1650 monumentum
597 1618 608 1634 ¹
628 1622 704 1648 aere
718 1610 928 1661 perennius
939 1639 950 1658 ,

137 1670 351 1724 Regalique
366 1670 445 1711 situ
459 1670 709 1724 pyramidum
725 1671 861 1720 altius;

108 1818 139 1840 1.
151 1806 263 1851 Exegi
274 1813 520 1838 monumentum
531 1818 542 1837 .·
556 1816 644 1839 com·

56 1851 166 1898 plevi,
195 1853 335 1898 perfeci,
370 1854 412 1885 ad
442 1853 543 1886 finem
571 1865 644 1897 per-

58 1901 152 1935 duxi.
171 1902 327 1944 Quamvis
351 1902 440 1934 enim
463 1904 644 1944 posteriora

34 1987 37 1990 ¹
58 1950 202 1982 carmina
230 1950 348 1982 Noster
372 1949 527 1988 ediderit,
554 1961 642 1982 com-

57 1996 148 2039 pleto
162 2007 364 2040 unoquoque
385 1997 523 2028 odarum
535 1997 622 2029 libro
631 2020 641 2036 ,

59 2054 165 2086 eoque
187 2045 224 2076 in
237 2043 348 2084 luceJn
365 2046 482 2076 emisso
493 2067 503 2084 ,
519 2045 646 2077 censeri

58 2097 187 2136 poterat
209 2101 292 2134 opus
311 2092 477 2134 integrum
500 2100 533 2125 et
554 2090 646 2124 nulla

58 2144 152 2181 parte
165 2148 320 2170 mancum
340 2138 525 2171 absolvisse.
541 2141 593 2172 Sic
614 2146 647 2171 et

61 2185 201 2219 Ovidius
230 2186 268 2217 in
298 2185 367 2218 fine
401 2186 646 2230 Metamorpho-

62 2244 142 2265 seon
158 2243 167 2266 :
185 2231 326 2276 Jamque
349 2244 429 2275 opus
447 2233 547 2277 exegi
557 2234 647 2277 quod

64 2291 124 2313 nec
138 2280 226 2313 Iovis
235 2279 297 2320 ira,
308 2290 370 2313 nec
382 2281 486 2325 ignes,
502 2283 572 2314 Nec
580 2293 643 2324 po-

699 1807 773 1838 terit
785 1806 931 1850 fertum,
953 1819 1014 1840 nec
1039 1807 1128 1839 edax
1148 1808 1280 1840 abolere

697 1862 860 1887 vetustas.
879 1873 927 1880 —
946 1855 1128 1900 Regalique
1143 1856 1208 1887 situ
1220 1867 1283 1898 py-

698 1902 860 1934 ramidum
885 1903 986 1934 alcius
1002 1914 1015 1934 .·
1033 1914 1093 1945 per
1119 1903 1214 1934 situm
1236 1905 1285 1936 in-

698 1950 805 1993 tellige
831 1958 1029 1982 structuram
1052 1950 1282 1992 pyramidum,

697 2008 808 2028 earum
822 1998 942 2030 molem
955 1997 1141 2029 incredibili
1153 2006 1287 2040 sumptu

699 2043 718 2076 ὲ
740 2045 872 2088 regibus
891 2045 1054 2088 AEgyptiis
1074 2051 1285 2077 exstructam.

700 2092 798 2125 Nulla
814 2099 921 2124 autem
935 2098 1146 2125 monumenta
1156 2092 1192 2123 in
1205 2092 1287 2124 orbe

700 2139 879 2171 celebriora
887 2139 987 2182 quain
1000 2139 1186 2183 pyramides
1194 2163 1203 2178 ,
1213 2151 1286 2182 quae

698 2187 745 2218 sic
778 2187 980 2219 vocabantur
1009 2187 1028 2218 a
1050 2197 1132 2219 voce
1159 2186 1284 2229 graeca,

697 2232 732 2266 τὸ
755 2237 817 2279 πῦρ
832 2258 841 2274 ,
858 2234 953 2277 quia,
977 2234 1115 2266 flammae
1135 2233 1248 2272 instar,
1266 2234 1282 2264 ὲ

695 2281 848 2314 latissimi}
874 2282 942 2316 basi
966 2281 1126 2324 gradatim
1157 2282 1193 2314 in
1209 2292 1282 2312 acu-
