1456 2508
241 118 305 148 242

631 111 671 150 Q.
697 109 881 141 nomm
904 110 1055 142 Ftscm

341 170 388 206 Et
406 168 533 204 laetum
552 166 692 216 equino
707 166 888 215 sanguine
904 169 1138 214 Concanum3

391 228 517 264 Visam
535 225 773 275 pharetratos
790 227 954 263 Gelonos
966 254 975 272 ‚
1138 262 1142 267 ,
1390 235 1421 260 35

443 289 489 323 Et
508 285 727 334 Scythicum
747 286 951 323 inviolatus
970 297 1128 323 amnem.

339 350 415 383 Vos
432 349 615 383 Caesarem
633 345 749 382 altum
766 355 794 391 9,
814 346 947 382 militis
965 346 1075 383 simul

340 411 469 444 Fessas
486 406 662 443 cohortes
681 405 825 442 abdidit
844 403 1013 455 oppidis,

393 466 518 503 Finire
536 473 766 515 quaerentem
787 464 956 510 labores,

443 525 567 562 Pierio
582 524 760 562 recreatis
778 533 900 561 autre.
1391 534 1423 560 «io

340 589 418 623 Vos
434 586 516 622 lene
535 585 732 622 consilium
748 592 786 621 et
805 583 901 622 datis
923 590 963 629 ¹0,
983 590 1021 620 et
1038 583 1127 620 dato

344 645 545 690 Gaudetis,
567 645 682 681 almae.
703 645 866 693 Scimus,
888 646 930 681 nt
951 643 1086 693 impios

240 767 284 795 Ec
291 764 397 794 laetum
406 762 523 804 equino
531 761 686 805 sanguine
693 762 811 792 Conca-

243 821 318 840 num
332 821 343 840 .·
359 810 515 846 Concani,
528 810 689 849 Hispaniae
704 810 812 839 Tarra-

242 857 387 887 conensis
400 855 537 897 populus
545 877 553 892 ‚
563 856 618 894 qui
631 865 704 884 cum
716 854 812 885 Thra-

243 902 332 933 cibus
355 901 389 931 id
411 911 578 932 commune
605 900 742 930 habebat
752 922 760 937 ,
775 906 812 930 ut

243 949 428 990 sanguinem
441 959 482 978 ex
494 957 650 987 equorum
664 945 811 980 cruribus

243 995 442 1026 subtractum
460 999 594 1034 potaret.
609 994 654 1022 Et
672 992 723 1021 lac
738 1002 811 1021 con-

244 1048 362 1071 cretum
377 1050 447 1069 cum
460 1038 615 1080 sanguine
623 1044 718 1078 potae
729 1037 813 1078 equi-

246 1098 306 1122 no,
323 1087 413 1127 Virg.
426 1086 484 1116 Ge.
499 1086 558 1122 111,
570 1083 813 1120 464.—Pl1are-

246 1140 344 1163 tracos
352 1132 490 1162 Gelonos
497 1142 508 1161 .·
518 1130 644 1160 eosdem
654 1136 747 1160 vocat
757 1130 814 1158 Sa-

242 1178 399 1222 giccifhros
411 1189 422 1213 ,·
432 1178 521 1218 Virg.
533 1179 602 1206 AEn.
620 1178 699 1206 VIII
709 1198 718 1213 ‚
736 1186 751 1214 7
760 1175 812 1205 25.

245 1227 293 1256 De
306 1223 438 1255 Gelonis
451 1222 504 1253 vid
517 1233 605 1263 supr.
615 1222 677 1253 od.
692 1223 723 1252 II
733 1243 741 1258 ‚
757 1231 811 1251 20.

246 1289 293 1295 -—
313 1269 492 1310 Scythicum
511 1279 640 1298 amnem
655 1279 666 1298 .·
681 1267 812 1298 Tanaim

246 1315 362 1359 (hodie
372 1338 380 1354 ‚
396 1316 425 1346 le
442 1317 515 1345 Don
525 1314 550 1356 ).

294 1374 327 1404 9.
343 1364 404 1392 Vos
420 1363 577 1392 Caesarem
592 1360 713 1390 altum:
727 1370 813 1401 mag·

246 1420 326 1441 num
337 1431 346 1446 ,
371 1414 546 1450 potentem.
574 1406 698 1447 Quippe
722 1407 816 1436 dolor

243 1463 354 1497 pectus
381 1454 533 1496 tetigisset
567 1452 701 1482 Caesaris
735 1452 813 1488 alci;

248 1501 344 1534 ovid.
356 1523 364 1539 ‚
381 1500 420 1530 de
435 1503 538 1531 Ponto
549 1521 558 1536 ‚
571 1500 619 1536 11,
636 1499 654 1528 3
666 1521 675 1536 ,
690 1499 743 1529 63.
754 1500 815 1528 De-

247 1548 423 1579 licatissimi
449 1545 570 1587 ingenii
599 1551 684 1574 vates
695 1567 704 1582 ,
730 1546 814 1574 inter

249 1594 410 1635 praecipua
432 1603 502 1633 quae
524 1593 624 1621 Musae
640 1591 675 1620 in
692 1601 724 1620 se
741 1601 814 1620 con·

250 1640 394 1671 tulerunt
438 1635 610 1674 beneficia,
650 1643 812 1673 numerat,

250 1684 338 1727 quod
355 1684 419 1714 illae
438 1685 621 1725 Augus-tum
642 1681 815 1712 identidem

251 1731 269 1762 ’ἐι
282 1731 404 1764 bellicis
418 1729 582 1760 laboribus
598 1738 738 1758 recreare
753 1727 818 1769 dig-

251 1783 369 1807 nentur
377 1799 390 1821 ,ι
398 1775 487 1817 quasi
499 1776 565 1817 ipse
581 1775 740 1805 frueretur
752 1784 818 1807 mu-

252 1822 383 1853 neribus
398 1822 468 1863 'quae
481 1821 675 1855 benefactori
688 1830 747 1851 suo
758 1820 819 1850 lar-

252 1870 395 1910 giuntur.
408 1867 507 1898 Porro
515 1889 524 1903 ‚
535 1865 748 1908 eloquentiam
760 1873 819 1895 stu-

253 1914 372 1956 diaque
394 1912 541 1944 liberalia
565 1914 743 1954 Augustum
766 1922 818 1941 cu-

248 1960 328 2002 pide
338 1967 370 1990 ee
380 1957 622 1990 laboriosissime
630 1956 816 1993 exercuisse,

249 2005 410 2047 poeticam
423 2015 547 2047 quoque
555 2003 735 2034 summatim
748 2002 822 2033 atti-

251 2052 336 2094 gisse
352 2050 446 2082 tradit
460 2052 647 2087 Suetonius,
659 2051 692 2079 in
709 2051 819 2080 Oetav.

257 2099 299 2134 84
312 2120 321 2135 ,
339 2097 393 2128 85.
418 2099 544 2137 Itaque,
565 2097 633 2126 laus
651 2096 688 2125 eo
706 2094 819 2125 delica-

257 2145 334 2180 tior,
354 2143 442 2184 quod
456 2144 586 2172 veritate
603 2143 759 2172 innititur.
774 2157 820 2164 —-

222 2202 225 2204 ’
258 2189 390 2221 Abdidit
412 2200 423 2219 .·
446 2189 577 2225 abdere,
602 2188 716 2230 quietis
749 2187 820 2218 otii-

863 772 924 802 que
940 760 1120 800 adjunctam
1137 761 1301 792 notionem
1320 760 1425 791 habet.

864 809 959 837 Latet
969 806 1094 837 abditus
1108 818 1197 849 agro,
1212 806 1364 849 gladiator
1374 818 1427 836 ru-

864 852 903 883 de
921 853 1066 884 donatus.
1085 854 1164 884 Infr.
1176 854 1313 893 Epist.1‚
1333 863 1361 890 1,
1373 853 1403 883 5.

915 909 967 930 10.
985 901 1047 928 Vos
1059 899 1130 929 lene
1144 898 1310 929 consilium
1324 906 1356 928 et
1368 899 1427 928 da-

864 943 902 974 tis
918 955 929 974 .·
953 955 1010 975 vos
1027 946 1173 986 Augusto
1191 951 1371 975 mansuetos
1389 944 1427 973 il-

862 990 911 1021 los
924 1001 1033 1020 sensus
1047 990 1205 1021 indidistis
1214 1013 1224 1028 ‚
1239 990 1356 1031 quibus
1367 991 1429 1020 vic·

865 1043 915 1067 tor
942 1037 1031 1069 victis
1051 1037 1203 1077 pepercit.
1225 1037 1366 1077 Respicit
1390 1035 1428 1066 ad

864 1093 897 1112 se
922 1083 1029 1123 ipsum
1069 1084 1227 1113 Horatius.
1256 1083 1338 1113 Nota
1349 1104 1358 1118 ‚
1388 1081 1429 1112 ad

865 1138 1044 1158 mensnram
1061 1126 1188 1166 versus,
1204 1137 1314 1158 vocem
1328 1127 1428 1163 hanc,

865 1173 1049 1210 consilium,
1076 1174 1270 1215 trisyllabam
1292 1184 1372 1210 esse,
1398 1180 1430 1204 et

866 1220 926 1261 legi
941 1219 1074 1258 debere,
1090 1220 1178 1260 quasi
1201 1221 1316 1261 scripta
1330 1226 1428 1256 esset,

865 1265 1044 1306 consiljum.
1056 1283 1102 1289 —
1114 1266 1160 1295 Et
1171 1265 1247 1295 dato
1259 1264 1409 1308 gaudetis
1418 1275 1430 1294 :

864 1311 1029 1352 nunquiim
1040 1311 1124 1342 enim
1136 1313 1171 1341 iu
1183 1321 1301 1342 vanum
1314 1310 1431 1341 cedunt

866 1365 967 1388 vestra
995 1357 1136 1388 consilia.
1162 1357 1256 1388 Unde
1283 1357 1375 1388 vobis
1385 1378 1394 1394 ‚
1408 1356 1428 1386 ὁ

865 1405 968 1435 Musae
978 1426 987 1442 ‚
1003 1402 1115 1434 naturai
1124 1403 1220 1434 almoe
1233 1410 1265 1433 et
1272 1402 1429 1443 benignae,

866 1460 1015 1490 magnum
1027 1448 1178 1490 gaudium
1191 1450 1347 1480 exoritur.
1355 1449 1430 1479 Mu-

865 1506 970 1525 sarum
989 1496 1093 1525 autem
1113 1496 1302 1526 commercio
1319 1495 1430 1525 huma-

865 1551 923 1571 nos
940 1551 1042 1571 mores
1058 1540 1175 1571 molliri
1192 1548 1223 1572 et
1240 1550 1432 1571 mansuesce-

866 1598 901 1617 re
923 1589 994 1627 quis
1019 1587 1164 1627 ignorat?
1181 1602 1230 1611 --
1251 1586 1375 1616 Scimus
1398 1593 1433 1616 ut

867 1632 980 1673 impios
1001 1634 1134 1662 Titanas
1147 1643 1159 1662 :
1174 1633 1233 1664 sub
1259 1633 1430 1674 Gigantum

867 1677 1015 1710 adversus
1032 1680 1146 1710 Jovem
1167 1679 1334 1710 rebellium
1358 1679 1433 1708 ima-

869 1727 957 1767 gine,
975 1732 1011 1754 ut
1036 1725 1071 1757 in
1099 1732 1283 1766 argumento
1310 1723 1431 1754 dictum

870 1778 932 1808 est,
955 1769 1122 1801 adumbrat
1150 1771 1313 1801 historiam
1343 1770 1433 1799 Bruti

872 1818 1032 1857 Cassiique
1042 1839 1051 1854 ,
1067 1816 1123 1856 qui
1138 1815 1288 1847 adversus
1305 1816 1431 1856 Augus-

870 1871 938 1894 tum
964 1863 1091 1901 armati,
1113 1863 1347 1904 imperatoriam
1365 1861 1432 1892 Cae-

870 1910 947 1940 saris
962 1907 1175 1945 haereditatem
1186 1907 1302 1939 frustrzi
1314 1907 1362 1937 illi
1374 1907 1434 1937 eri-

870 1965 945 1998 pere
959 1960 1166 1992 tentaverant.
1177 1955 1301 1985 Horum
1312 1959 1416 1994 partes
1424 1974 1434 1991 ,

871 1999 1009 2043 primum
1027 2010 1188 2030 armorum
1203 2001 1237 2030 vi
1257 1999 1295 2030 ad
1319 1998 1436 2039 Philip-

872 2058 930 2088 pos
944 2046 1100 2084 devictas,
1115 2045 1284 2087 prudentiis
1302 2043 1434 2081 deinde,

873 2090 1056 2130 clementii,
1074 2098 1106 2123 et
1126 2092 1232 2133 legum
1249 2092 1436 2122 auctoritate

872 2140 1036 2180 Augustus
1047 2137 1184 2178 denique
1198 2137 1392 2179 profligavit,
1405 2142 1437 2166 et

874 2185 958 2216 felici
971 2184 1096 2222 roboris
1111 2182 1348 2230 prudentiaeque
1363 2188 1438 2212 tem-
