1456 2508
47 59 79 99 §p
83 68 101 87 ,3-

477 103 558 135 Lm.
584 104 635 135 111
660 105 748 137 ODE
771 106 834 138 xJ.

1232 108 1299 148 275

186 179 203 197 «ι
225 160 404 214 Singulos
417 169 461 211 ¹0,
479 162 598 201 eheu!
620 163 800 203 lacerant.
823 166 905 216 Ego
929 164 1003 204 illis

183 241 200 258 ι.
217 223 395 270 Mollior,
409 238 482 264 nec
501 233 541 263 te
559 225 714 275 feriam,
732 239 805 264 nec
821 227 923 265 intra

427 303 443 320 «
465 286 641 325 Claustra
661 286 815 325 tenebo.

189 363 204 379 α
224 347 290 383 Me
308 353 420 397 pater
438 347 549 385 saevis
568 357 704 387 oneret
725 348 889 395 catenis,
1264 360 1297 389 45

188 423 205 440 «ι
225 403 344 453 Quod
359 406 445 446 viro
463 407 628 446 clemens
651 413 679 429 ¹¹
695 409 838 448 misero
855 409 1030 461 peperci3

187 482 203 499 α
218 468 284 504 Me
302 467 364 504 vel
382 476 574 507 extremos
592 469 850 508 Numidarum
868 470 908 508 in
924 483 1035 521 agros

429 547 445 564 a
464 531 592 570 Classe
608 532 765 583 releget.

192 606 208 623 «
228 592 267 636 Ι,
286 589 404 641 pedes
421 589 500 642 quo
515 599 553 630 te
574 592 730 644 rapiunt
743 601 781 631 et
795 605 900 631 aurae
918 599 959 640 ¹²,

189 667 205 683 α
222 651 327 689 Dum
345 651 449 690 favet
466 666 544 691 nox
562 662 600 691 et
616 657 771 703 Venus3
792 657 830 702 Ι,
846 652 1015 691 secundo
1262 663 1294 688 50

188 726 205 743 u
223 710 381 760 Omine,
402 720 440 750 et
458 711 582 751 nostri
603 726 833 761 memorem,
849 713 1027 765 sepulcro

423 791 439 808 τε
458 775 594 826 Scalpe
613 775 820 826 querelam.
837 791 853 808 ν

130 902 183 924 ιο.
210 892 360 937 Singulos
377 903 387 926 ς
405 905 500 925 suum
519 906 656 939 quaeque

77 941 239 973 maritum.
269 958 316 965 —
342 943 508 974 Lacerant
534 954 546 973 .·
572 943 656 976 bene

77 987 318 1020 accommodata
342 1000 409 1021 vox
429 989 470 1020 ad
489 1000 655 1033 compara-

79 1035 202 1066 tionem
229 1037 412 1068 institutam
431 1049 440 1075 ;
472 1048 542 1069 non
570 1039 655 1070 dixit

75 1082 265 1125 simpliciter
274 1106 284 1122 ‚
301 1083 452 1116 occidunt
459 1108 468 1122 ‚
483 1084 637 1128 jugulant
643 1110 653 1124 ,

75 1129 132 1160 sed
149 1129 274 1162 crudeli
298 1141 374 1162 cum
390 1132 573 1174 voluptate,
590 1134 655 1164 hel-

74 1176 205 1208 luarum
231 1177 333 1209 imtar
362 1179 398 1209 in
430 1179 571 1221 praedam
595 1191 651 1212 sae-

72 1225 232 1256 viemium
242 1247 252 1263 ‚
268 1223 466 1268 discerpunt.
480 1245 528 1250 -—-
538 1229 652 1270 Neque

74 1270 163 1303 ἱππ-ὰ
178 1272 328 1304 Clauso-a
343 1273 459 1305 tenebo
472 1285 483 1305 .·
495 1286 565 1306 non
582 1283 652 1307 toto

74 1317 187 1352 officio
198 1331 271 1352 meo
286 1321 450 1363 fungiipsa
463 1322 545 1354 mihi
563 1323 650 1355 vide-

74 1377 127 1398 rer
137 1389 147 1406 ‚
163 1368 209 1406 si,
225 1366 244 1398 ὸ
255 1374 287 1400 te
303 1367 449 1400 feriendo
468 1369 632 1402 abstinens
642 1395 651 1409 ,

74 1421 107 1444 te
137 1414 174 1445 in
203 1425 277 1446 meo
314 1415 454 1447 thalamo
489 1419 651 1460 captivum

73 1461 245 1492 retinerem
254 1485 264 1500 ‚
279 1460 355 1493 cnm
368 1461 387 1493 a
398 1464 564 1495 sororibus
574 1468 651 1497 meis

72 1518 159 1540 mors
184 1515 270 1540 certa
292 1509 352 1541 tibi
369 1511 535 1542 inferenda
559 1521 649 1545 esset.

123 1566 138 1586 1
148 1566 176 1589 ι.
199 1555 348 1588 Clemens
360 1568 374 1596 ς
392 1558 535 1589 clemens
549 1567 580 1590 et
595 1561 652 1591 mi-

72 1613 163 1640 sero,
194 1603 260 1635 duo
291 1604 389 1636 verba
416 1607 540 1648 egregie
569 1618 649 1640 con-

72 1649 202 1689 juncta!

122 1707 175 1729 12.
190 1697 295 1729 Pedes
313 1706 346 1730 ec
359 1709 450 1731 aura:
471 1711 482 1730 :
500 1700 566 1731 sive
589 1708 650 1732 ter-

70 1746 181 1784 restri,
195 1745 262 1776 sive
282 1747 444 1778 maritimo
462 1748 577 1778 itinere
595 1748 646 1779 fu-

69 1801 142 1834 gam
164 1802 324 1834 capessas,
339 1794 420 1836 quid
443 1794 559 1825 refert?
572 1795 647 1838 fuge

69 1836 176 1878 ociiu3
204 1849 300 1882 qnam
332 1840 415 1884 fugae
445 1841 646 1883 rapiditatem

70 1887 275 1919 necessariam
292 1889 435 1930 apprime
450 1888 569 1920 indicat
578 1901 645 1921 vox

709 894 765 927 issa
784 905 792 926 :
820 894 961 936 rapiunt.
976 912 1023 918 —
1038 897 1071 923 V
1067 906 1146 926 enus
1157 906 1168 926 :
1184 906 1292 928 aman-

709 944 790 975 tium
800 942 1112 984 patrona—Nostri
1118 953 1292 975 memorem

708 990 875 1033 querelam
892 1002 903 1021 .·
929 991 1174 1032 inscriptionem
1194 991 1290 1023 intel-

709 1039 780 1080 ligit
794 1037 1054 1068 lamentabilibus
1074 1038 1184 1069 verbis
1198 1046 1289 1070 nota-

710 1092 842 1124 tam,et
867 1095 941 1126 quae
968 1086 1081 1116 uxoris
1109 1087 1290 1117 servatricis

706 1143 773 1164 suae
784 1156 792 1171 ,
809 1133 996 1163 memoriam
1017 1138 1049 1163 et
1075 1142 1197 1163 nomen
1211 1135 1287 1164 reti-

706 1180 979 1221 neat.-—-Scalpe
997 1190 1009 1209 :
1036 1179 1129 1211 aliter
1153 1181 1262 1222 sculpe
1273 1194 1287 1218 ;

706 1228 851 1269 scalpere
878 1234 927 1257 est
956 1227 1088 1269 proprie
1105 1226 1246 1269 jbdere,
1268 1228 1286 1259 ὲ

706 1275 807 1307 verbo
827 1284 949 1318 graeco,
963 1272 1096 1306 Σκάλλω
1114 1274 1166 1305 vel
1180 1273 1286 1307 Σκάπ-

705 1334 749 1354 τω
761 1346 770 1362 ,
782 1322 903 1365 deere
923 1321 1062 1364 (graver
1083 1333 1125 1353 en
1149 1322 1284 1366 creux.)

708 1371 858 1412 Sculpere
889 1369 902 1412 (
914 1381 1034 1412 graver
1061 1380 1103 1400 en
1135 1369 1239 1412 relies
1250 1369 1284 1413 );

706 1425 842 1460 uterque
866 1423 1155 1448 monumentorum
1169 1418 1285 1448 inscri—

706 1465 889 1496 bendorum
912 1464 1030 1496 modus
1053 1464 1217 1495 veteribus
1238 1466 1285 1496 fa-

705 1513 838 1543 miliaris
858 1519 936 1543 erat.
949 1530 997 1535 ——-
1008 1512 1161 1553 Sepulcro
1178 1523 1190 1542 :
1211 1512 1285 1543 sub-

705 1560 779 1590 aud.
797 1570 868 1591 meo
875 1571 890 1597 ;
902 1560 1012 1590 innuit
1026 1561 1123 1590 vitam
1137 1558 1155 1590 ἐι
1169 1570 1203 1591 se
1215 1570 1285 1591 non

705 1606 762 1637 diu
795 1606 995 1638 tolerandam
1033 1617 1119 1644 esse,
1155 1613 1187 1637 et
1215 1608 1284 1638 sive

704 1653 849 1685 vindicta
871 1655 986 1696 patri5‚
1009 1655 1077 1684 sive
1106 1653 1151 1684 ob
1175 1655 1284 1685 mariti

703 1701 844 1732 absentis
897 1700 1109 1739 desiderium,
1144 1708 1282 1732 mortem

700 1750 885 1790 proximam
906 1747 969 1779 sibi
982 1748 1151 1780 imminere
1161 1771 1171 1787 ,
1193 1749 1282 1779 unde

700 1798 868 1838 Lynceum
888 1801 1036 1836 precatur
1051 1802 1090 1827 ut
1111 1795 1184 1835 ille,
1200 1806 1283 1827 uxo-

700 1844 728 1873 ri
749 1849 926 1885 superstes,
947 1853 1017 1874 eam
1038 1843 1157 1875 tumuli
1176 1849 1208 1873 et
1233 1844 1283 1875 iu-

700 1891 884 1933 scriptionis
897 1889 1080 1922 honoribus
1094 1889 1235 1922 decoret.
