1456 2508
185 166 251 197 224

575 163 616 202 Q.
639 161 822 193 nonATn
845 159 995 191 FLACC1

289 219 537 266 Fastidiosus;
553 219 618 256 sed
635 219 766 255 Timor
783 226 821 255 et
836 218 949 255 Minae
965 225 993 242 ¹⁰

291 279 484 316 Scandunt
503 277 652 325 eodem,
669 276 746 328 quo
762 277 953 323 dominus;
969 288 1092 326 neque

342 337 502 376 Decedit
521 340 636 375 aeratzi
655 337 820 384 triremi,
839 345 877 374 et

395 400 483 434 Post
499 398 664 447 equitem
682 397 787 435 sedet
804 404 886 434 atra
903 398 1014 434 Cura.
1340 404 1372 430 ιο

299 454 413 502 Quod
431 456 463 492 si
481 455 667 494 dolentem
686 469 756 494 nec
774 456 957 505 Phrygius
973 455 1067 506 lapis
1084 462 1124 500 ¹¹,

291 517 372 553 Nec
389 528 648 566 purpurarum
666 516 788 553 sidere
804 515 943 552 clarior

345 575 496 612 Delenit
514 588 624 622 usus,
642 588 712 612 nec
732 575 887 612 Falerna

395 635 494 672 Vitis
503 663 513 682 ,
527 635 883 684 Achaemeniumque
897 641 1059 679 costum3

291 696 369 731 cur
387 693 598 731 invidendis
617 693 788 744 postibus
810 703 856 741 ²2,
875 702 912 731 et
930 705 1030 730 novo
1281 708 1285 711 ·
1340 702 1373 731 45

290 752 460 792 Sublime
473 754 551 791 ritu
561 752 703 791 ‘moliar
723 753 888 790 atrium?

190 914 293 940 mere,
315 903 444 945 proprie
459 903 580 934 dictum
599 910 645 934 est
668 903 707 934 de
718 904 754 934 li-

188 951 274 980 tibus
286 972 294 986 ,
309 960 387 990 quas
405 950 553 980 nonnulli
575 949 591 980 ὲ
609 951 755 991 pauperi-

187 995 249 1027 bus
274 994 504 1036 litigatoribus,
519 995 609 1036 pacui
640 1006 755 1026 mercc-

189 1041 248 1077 de,
270 1049 481 1082 susceptoque
507 1043 542 1071 in
565 1052 598 1071 sc
624 1040 756 1072 eventus

188 1087 346 1129 periculo,
363 1087 571 1118 redimebant.
593 1088 677 1117 Hinc
695 1089 756 1117 Im-

190 1143 257 1175 per.
272 1133 352 1164 Cod.
369 1133 409 1163 de
421 1143 546 1173 procur.
562 1133 624 1174 leg.
640 1134 691 1164 15.
711 1133 757 1163 Li-

190 1187 254 1210 tem
280 1185 312 1209 te
337 1179 507 1209 redemisse
525 1179 636 1209 σοηενὰ
660 1179 758 1210 bonos

192 1234 295 1255 mores
321 1225 494 1264 manifeste
518 1224 680 1267 professus
714 1236 756 1257 es.

191 1270 304 1303 Postea
316 1282 381 1301 vox
407 1271 460 1309 illa
485 1271 639 1301 redimere
653 1278 759 1302 exten-

190 1327 223 1348 sa
247 1316 309 1347 fuit
329 1315 368 1347 ad
385 1327 438 1347 eos
461 1327 570 1347 omnes
596 1317 655 1357 qui
681 1328 762 1359 opus

191 1362 378 1404 quodlibet,
402 1363 468 1393 sive
493 1364 671 1403 privatum,
696 1364 762 1394 sive

190 1408 377 1450 publicum,
394 1410 570 1439 constituto
586 1415 618 1438 et
629 1409 764 1450 praefixo

191 1455 294 1495 pretio
331 1453 569 1485 conficiendum
610 1457 762 1496 suscipie-

192 1500 280 1532 bont.
301 1501 340 1531 In
362 1500 546 1540 hujusmodi
568 1507 663 1542 pacto
682 1502 765 1532 inest

192 1546 312 1587 aliquid
339 1547 454 1578 incerti
476 1553 507 1576 et
536 1547 676 1578 aleatorii
707 1549 763 1588 qui

193 1592 361 1632 quamdam
410 1593 650 1623 similitudinem
689 1603 761 1623 cum

192 1638 258 1668 litis
282 1644 399 1668 eventu
426 1639 608 1677 constitnit;
627 1637 721 1676 nim,
737 1640 764 1671 si

194 1683 282 1724 quod
294 1684 445 1714 damnum
455 1685 600 1725 emergit,
611 1685 646 1714 in
659 1685 764 1715 solum

195 1729 425 1771 redemptorem
457 1730 509 1760 vel
533 1730 763 1761 conductorem

196 1775 298 1813 cadit,
321 1774 488 1816 nunqmim
510 1777 546 1806 in
566 1777 671 1817 operis
692 1787 764 1817 per-

195 1820 328 1853 ficiendi
365 1821 543 1852 dominum.
582 1822 767 1854 Notandum

195 1867 250 1897 hic
268 1868 448 1898 censuimus
462 1867 599 1909 graviter
616 1870 766 1899 erravisse

198 1914 372 1945 santonum
383 1936 391 1951 ‚
410 1915 569 1955 egregium
588 1914 680 1944 illum
695 1925 767 1955 poe-

199 1965 280 1997 tam,
297 1966 328 1990 et
351 1961 566 1990 recentiorum
588 1960 765 2000 lyricorum

198 2005 290 2035 facile
308 2004 597 2046 principefflum
618 2006 652 2035 in
672 2005 764 2047 hym·

198 2062 243 2082 no
286 2051 326 2081 ad
359 2051 475 2082 festum
514 2050 762 2095 purificationis,

200 2097 381 2135 Christum,
409 2097 613 2138 redemptoris
639 2099 768 2128 nomine

202 2142 364 2184 designare
378 2153 445 2173 non
461 2143 627 2174 dubitavit.

226 2216 231 2218 .
252 2199 303 2220 ιο.
319 2189 386 2219 Sed
396 2189 503 2219 Timor
516 2197 549 2220 et
560 2189 659 2220 Minae
670 2199 682 2219 :
696 2188 768 2219 vide

202 2234 342 2265 eamdem
390 2236 577 2266 sententiam
615 2235 768 2266 similibus

805 903 994 946 imaginibus
1035 903 1235 942 adornatam,
1275 903 1369 945 supr&

807 949 867 981 od.
882 951 930 987 11,
950 950 989 980 16
999 973 1007 988 ,
1025 960 1078 981 21.
1093 950 1230 982 Consule
1245 960 1373 991 quoque

807 1003 897 1027 notas
911 997 945 1026 in
957 996 1043 1026 hunc
1058 997 1176 1027 locum.

859 1053 871 1072 x
883 1052 910 1072 r.
936 1041 1093 1084 Phrygius
1111 1042 1193 1083 lapis
1209 1052 1221 1072 .·
1237 1051 1375 1072 marmor

807 1087 1058 1129 pulcherrimum
1069 1111 1076 1125 ‚
1094 1088 1183 1129 qnod
1208 1082 1375 1118 eruebam}

809 1133 909 1175 prope
923 1134 1087 1174 Synnada,
1104 1134 1250 1175 Phrygiae
1266 1134 1375 1163 civita-

810 1186 883 1210 tem.
898 1179 1016 1220 Quidve
1027 1178 1378 1221 domusprodestPhry-

807 1225 870 1267 giis
892 1225 1010 1255 innixa
1035 1225 1191 1256 columnis
1201 1225 1298 1256 frib.
1311 1226 1359 1256 111
1369 1249 1378 1262 ‚

817 1273 846 1309 3¹,
864 1283 875 1301 1
884 1273 914 1302 3.
925 1289 971 1295 ——-
980 1272 1048 1302 Nec
1053 1281 1264 1313 purpurarum
1278 1270 1380 1302 sidere

814 1317 932 1348 clarior
963 1328 1035 1347 usus
1055 1329 1066 1348 :
1089 1318 1268 1348 inversione
1295 1317 1382 1358 apud

814 1370 922 1405 poetas
956 1363 1157 1395 usitatissima
1171 1387 1180 1402 ‚
1208 1373 1267 1405 pro
1283 1386 1293 1402 ‚
1323 1373 1381 1393 nec

815 1420 887 1439 usus
915 1419 1066 1450 purpura·
1099 1410 1201 1440 sidere
1225 1409 1380 1440 clarioris.

815 1458 976 1496 Purpuras
993 1455 1096 1486 autem
1112 1457 1205 1497 ponit
1218 1456 1253 1486 in
1274 1455 1382 1496 plura-

814 1502 837 1531 li
861 1512 1012 1540 numero,
1043 1508 1080 1532 nt
1111 1503 1209 1532 varias
1227 1499 1382 1543 significet

815 1547 1036 1588 pulcherrimae
1058 1557 1210 1589 purpurae
1238 1547 1382 1578 commis-

815 1603 902 1623 suras
912 1593 925 1635 (
935 1593 980 1623 les
994 1592 1180 1635 dfflrentes
1199 1603 1340 1622 nuances
1348 1591 1361 1634 )
1370 1616 1380 1630 ,

816 1639 885 1677 vel,
898 1646 934 1669 ut
954 1650 1096 1680 magnam
1117 1644 1206 1670 notet
1226 1648 1383 1679 purpura-

817 1695 887 1715 rum
898 1686 1031 1716 vestium
1042 1684 1289 1716 multitudinem.
1301 1683 1384 1715 Vide

816 1741 902 1772 supr.
922 1730 982 1762 Od.
1004 1733 1051 1769 11,
1075 1731 1130 1768 18,
1147 1741 1162 1769 7
1183 1740 1191 1761 :
1211 1729 1384 1760 Laconicas

813 1787 983 1817 purpuras.
1006 1794 1051 1801 —-
1079 1776 1384 1817 Achaemeniumque

818 1830 938 1852 costum
955 1834 966 1852 :
992 1829 1191 1865 unguentum
1212 1821 1382 1853 Persicum.

820 1870 868 1899 De
895 1867 1090 1899 Achaemene
1107 1870 1269 1899 Persarum
1291 1877 1381 1908 rege,

819 1913 890 1945 vide
906 1914 968 1946 Od.
983 1916 1034 1952 11,
1055 1925 1114 1951 12,
1131 1924 1185 1945 ux.

870 1971 921 1991 12.
936 1960 1117 1991 Invidendis
1126 1959 1267 2001 postibus
1283 1971 1294 1990 :
1309 1969 1383 2000 por·

819 2007 900 2036 ticus
923 2005 1116 2047 magnificae,
1138 2016 1210 2046 quae
1230 2005 1382 2036 invidiam

819 2052 1165 2084 moveant.—-Sublime
1172 2051 1288 2082 atrium
1298 2063 1309 2081 :
1317 2062 1383 2092 par-

820 2105 883 2128 tem
903 2109 961 2139 pro
983 2105 1074 2129 toto:
1091 2098 1219 2139 proprie
1242 2097 1382 2128 vestibu-

820 2144 898 2182 lum,
913 2145 1003 2183 cujus
1013 2142 1197 2185 magnitudo
1211 2150 1242 2174 et
1255 2143 1383 2174 excelsi-

821 2192 867 2220 t'as
879 2189 1127 2232 magnitudinem
1141 2195 1173 2220 et
1185 2189 1383 2221 altitudinem

822 2237 919 2267 totius
929 2235 1054 2267 aedificii
1071 2235 1222 2267 indicant.
1237 2254 1283 2260 -
1293 2236 1382 2266 Novo
