<?xml version="1.0" encoding="UTF-8"?>
<!DOCTYPE html PUBLIC "-//W3C//DTD XHTML 1.0 Transitional//EN"
    "http://www.w3.org/TR/xhtml1/DTD/xhtml1-transitional.dtd">
<html xmlns="http://www.w3.org/1999/xhtml" xml:lang="en" lang="en">
 <head>
  <title>
</title>
<meta http-equiv="Content-Type" content="text/html;charset=utf-8" />
  <meta name='ocr-system' content='tesseract 3.04.00' />
  <meta name='ocr-capabilities' content='ocr_page ocr_carea ocr_par ocr_line ocrx_word'/>
</head>
<body>
  <div class='ocr_page' id='page_1' title='image "./quintushoratiusf01horauoft_0173.png"; bbox 0 0 1456 2508; ppageno 0'>
   <div class='ocr_carea' id='block_1_1' title="bbox 473 112 902 147">
    <p class='ocr_par' dir='ltr' id='par_1_1' title="bbox 473 112 902 147">
     <span class='ocr_line' id='line_1_1' title="bbox 473 112 902 147; baseline 0.007 -3"><span class='ocrx_word' id='word_1_1' title='bbox 473 113 552 144; x_wconf 83' lang='lat' dir='ltr'><strong>LIB.</strong></span> <span class='ocrx_word' id='word_1_2' title='bbox 577 113 593 142; x_wconf 91' lang='lat'>1</span> <span class='ocrx_word' id='word_1_3' title='bbox 617 112 705 144; x_wconf 89' lang='lat' dir='ltr'><strong>ODE</strong></span> <span class='ocrx_word' id='word_1_4' title='bbox 728 113 902 147; x_wconf 72' lang='lat' dir='ltr'><strong>xxxm.</strong></span> 
     </span>
    </p>
   </div>
   <div class='ocr_carea' id='block_1_2' title="bbox 1232 117 1296 157">
    <p class='ocr_par' dir='ltr' id='par_1_2' title="bbox 1232 117 1296 157">
     <span class='ocr_line' id='line_1_2' title="bbox 1232 117 1296 157; baseline 0 -10"><span class='ocrx_word' id='word_1_5' title='bbox 1232 117 1296 157; x_wconf 85' lang='grc'><strong>139</strong></span> 
     </span>
    </p>
   </div>
   <div class='ocr_carea' id='block_1_3' title="bbox 184 169 1293 710">
    <p class='ocr_par' dir='ltr' id='par_1_3' title="bbox 184 169 1293 710">
     <span class='ocr_line' id='line_1_3' title="bbox 185 169 1293 221; baseline -0.005 -9"><span class='ocrx_word' id='word_1_6' title='bbox 185 173 361 212; x_wconf 65' lang='lat' dir='ltr'><strong>Antehac</strong></span> <span class='ocrx_word' id='word_1_7' title='bbox 383 182 396 196; x_wconf 85' lang='lat'><strong>2</strong></span> <span class='ocrx_word' id='word_1_8' title='bbox 415 170 522 208; x_wconf 89' lang='lat' dir='ltr'><strong>nefas</strong></span> <span class='ocrx_word' id='word_1_9' title='bbox 541 169 771 221; x_wconf 79' lang='lat' dir='ltr'><strong>depromere</strong></span> <span class='ocrx_word' id='word_1_10' title='bbox 786 170 995 210; x_wconf 76' lang='lat' dir='ltr'>Caecubum</span> <span class='ocrx_word' id='word_1_11' title='bbox 1280 182 1293 206; x_wconf 86' lang='lat'><strong>5</strong></span> 
     </span>
     <span class='ocr_line' id='line_1_4' title="bbox 186 229 773 280; baseline -0.009 -9"><span class='ocrx_word' id='word_1_12' title='bbox 186 233 301 271; x_wconf 85' lang='lat' dir='ltr'><strong>Cellis</strong></span> <span class='ocrx_word' id='word_1_13' title='bbox 321 230 450 277; x_wconf 81' lang='lat' dir='ltr'><strong>avitis,</strong></span> <span class='ocrx_word' id='word_1_14' title='bbox 471 229 564 268; x_wconf 65' lang='lat' dir='ltr'><strong>dum</strong></span> <span class='ocrx_word' id='word_1_15' title='bbox 580 229 773 280; x_wconf 84' lang='lat' dir='ltr'><strong>Capitolio</strong></span> 
     </span>
     <span class='ocr_line' id='line_1_5' title="bbox 239 289 773 345; baseline -0.009 -13"><span class='ocrx_word' id='word_1_16' title='bbox 239 293 386 345; x_wconf 83' lang='lat' dir='ltr'><strong>Regina</strong></span> <span class='ocrx_word' id='word_1_17' title='bbox 406 292 601 330; x_wconf 87' lang='lat' dir='ltr'><strong>dementes</strong></span> <span class='ocrx_word' id='word_1_18' title='bbox 620 289 773 338; x_wconf 81' lang='lat' dir='ltr'><strong>ruinas,</strong></span> 
     </span>
     <span class='ocr_line' id='line_1_6' title="bbox 291 350 859 404; baseline -0.005 -11"><span class='ocrx_word' id='word_1_19' title='bbox 291 357 423 394; x_wconf 91' lang='lat' dir='ltr'><strong>Funus</strong></span> <span class='ocrx_word' id='word_1_20' title='bbox 441 360 479 390; x_wconf 91' lang='lat' dir='ltr'><strong>et</strong></span> <span class='ocrx_word' id='word_1_21' title='bbox 497 351 662 404; x_wconf 85' lang='lat' dir='ltr'><strong>imperio</strong></span> <span class='ocrx_word' id='word_1_22' title='bbox 676 350 859 402; x_wconf 82' lang='lat' dir='ltr'><strong>parabat,</strong></span> 
     </span>
     <span class='ocr_line' id='line_1_7' title="bbox 186 414 886 466; baseline -0.009 -9"><span class='ocrx_word' id='word_1_23' title='bbox 186 417 454 456; x_wconf 76' lang='lat' dir='ltr'><strong>contaminato</strong></span> <span class='ocrx_word' id='word_1_24' title='bbox 472 427 560 453; x_wconf 91' lang='lat' dir='ltr'><strong>cum</strong></span> <span class='ocrx_word' id='word_1_25' title='bbox 579 426 694 465; x_wconf 82' lang='lat' dir='ltr'><strong>grege</strong></span> <span class='ocrx_word' id='word_1_26' title='bbox 712 414 886 466; x_wconf 85' lang='lat' dir='ltr'><strong>turpium</strong></span> 
     </span>
     <span class='ocr_line' id='line_1_8' title="bbox 186 473 1290 526; baseline -0.005 -10"><span class='ocrx_word' id='word_1_27' title='bbox 186 477 329 516; x_wconf 88' lang='lat' dir='ltr'>Morbo</span> <span class='ocrx_word' id='word_1_28' title='bbox 347 477 520 515; x_wconf 85' lang='lat' dir='ltr'><strong>virorum</strong></span> <span class='ocrx_word' id='word_1_29' title='bbox 537 473 567 522; x_wconf 82' lang='lat'><strong>³,</strong></span> <span class='ocrx_word' id='word_1_30' title='bbox 586 473 778 525; x_wconf 86' lang='lat' dir='ltr'>quidlibet</span> <span class='ocrx_word' id='word_1_31' title='bbox 797 474 987 526; x_wconf 85' lang='lat' dir='ltr'><strong>impotens</strong></span> <span class='ocrx_word' id='word_1_32' title='bbox 1262 496 1290 510; x_wconf 61' lang='grc' dir='ltr'><strong>ιη</strong></span> 
     </span>
     <span class='ocr_line' id='line_1_9' title="bbox 240 534 799 590; baseline -0.009 -13"><span class='ocrx_word' id='word_1_33' title='bbox 240 540 423 590; x_wconf 71' lang='lat' dir='ltr'><strong>Spei-are,</strong></span> <span class='ocrx_word' id='word_1_34' title='bbox 443 536 676 585; x_wconf 55' lang='lat' dir='ltr'><strong>fortunaque</strong></span> <span class='ocrx_word' id='word_1_35' title='bbox 694 534 799 572; x_wconf 84' lang='lat' dir='ltr'><strong>dulci</strong></span> 
     </span>
     <span class='ocr_line' id='line_1_10' title="bbox 290 595 854 637; baseline -0.007 0"><span class='ocrx_word' id='word_1_36' title='bbox 290 598 420 637; x_wconf 90' lang='lat' dir='ltr'><strong>Ebria.</strong></span> <span class='ocrx_word' id='word_1_37' title='bbox 436 596 512 637; x_wconf 89' lang='lat' dir='ltr'><strong>Sed</strong></span> <span class='ocrx_word' id='word_1_38' title='bbox 528 595 666 634; x_wconf 81' lang='lat' dir='ltr'><strong>minuit</strong></span> <span class='ocrx_word' id='word_1_39' title='bbox 681 595 854 633; x_wconf 87' lang='lat' dir='ltr'><strong>furorem</strong></span> 
     </span>
     <span class='ocr_line' id='line_1_11' title="bbox 184 654 893 710; baseline -0.004 -13"><span class='ocrx_word' id='word_1_40' title='bbox 184 660 258 698; x_wconf 82' lang='lat' dir='ltr'><strong>Vix</strong></span> <span class='ocrx_word' id='word_1_41' title='bbox 273 672 350 697; x_wconf 84' lang='lat' dir='ltr'><strong>una</strong></span> <span class='ocrx_word' id='word_1_42' title='bbox 364 671 494 710; x_wconf 87' lang='lat' dir='ltr'><strong>sospes</strong></span> <span class='ocrx_word' id='word_1_43' title='bbox 513 655 622 695; x_wconf 87' lang='lat' dir='ltr'><strong>navis</strong></span> <span class='ocrx_word' id='word_1_44' title='bbox 642 654 691 693; x_wconf 83' lang='lat' dir='ltr'><strong>ab</strong></span> <span class='ocrx_word' id='word_1_45' title='bbox 711 654 864 706; x_wconf 83' lang='lat' dir='ltr'>ignibus</span> <span class='ocrx_word' id='word_1_46' title='bbox 885 671 893 693; x_wconf 75' lang='grc' dir='ltr'><em>τ</em></span> 
     </span>
    </p>
   </div>
   <div class='ocr_carea' id='block_1_4' title="bbox 66 788 657 2008">
    <p class='ocr_par' dir='ltr' id='par_1_4' title="bbox 66 788 657 1446">
     <span class='ocr_line' id='line_1_12' title="bbox 77 788 657 834; baseline -0.009 -11"><span class='ocrx_word' id='word_1_47' title='bbox 77 792 136 823; x_wconf 71' lang='lat' dir='ltr'><strong>uhi</strong></span> <span class='ocrx_word' id='word_1_48' title='bbox 162 792 314 834; x_wconf 80' lang='lat' dir='ltr'><strong>pulvinar</strong></span> <span class='ocrx_word' id='word_1_49' title='bbox 343 791 485 834; x_wconf 80' lang='lat' dir='ltr'><strong>positum</strong></span> <span class='ocrx_word' id='word_1_50' title='bbox 518 797 581 828; x_wconf 67' lang='grc' dir='ltr'><strong>θεῖς</strong></span> <span class='ocrx_word' id='word_1_51' title='bbox 610 788 657 819; x_wconf 90' lang='lat' dir='ltr'><strong>sic</strong></span> 
     </span>
     <span class='ocr_line' id='line_1_13' title="bbox 76 837 654 881; baseline -0.01 -11"><span class='ocrx_word' id='word_1_52' title='bbox 76 839 163 881; x_wconf 72' lang='lat' dir='ltr'><strong>apud</strong></span> <span class='ocrx_word' id='word_1_53' title='bbox 195 839 383 870; x_wconf 86' lang='lat' dir='ltr'>Ciceronem</span> <span class='ocrx_word' id='word_1_54' title='bbox 402 839 438 868; x_wconf 88' lang='lat' dir='ltr'><strong>in</strong></span> <span class='ocrx_word' id='word_1_55' title='bbox 464 837 557 869; x_wconf 81' lang='lat' dir='ltr'><strong>Catil.</strong></span> <span class='ocrx_word' id='word_1_56' title='bbox 585 837 654 874; x_wconf 88' lang='grc' dir='ltr'><strong>ΠΙ,</strong></span> 
     </span>
     <span class='ocr_line' id='line_1_14' title="bbox 81 882 657 927; baseline -0.01 -9"><span class='ocrx_word' id='word_1_57' title='bbox 81 896 122 918; x_wconf 78' lang='lat'><strong>10</strong></span> <span class='ocrx_word' id='word_1_58' title='bbox 144 895 152 917; x_wconf 93' lang='lat'>:</span> <span class='ocrx_word' id='word_1_59' title='bbox 181 886 265 927; x_wconf 77' lang='grc' dir='ltr'><em>ριιίὰ</em></span> <span class='ocrx_word' id='word_1_60' title='bbox 282 886 331 916; x_wconf 88' lang='lat' dir='ltr'><strong>ad</strong></span> <span class='ocrx_word' id='word_1_61' title='bbox 346 884 458 916; x_wconf 83' lang='lat' dir='ltr'><strong>omm&#39;a</strong></span> <span class='ocrx_word' id='word_1_62' title='bbox 469 882 657 926; x_wconf 77' lang='lat' dir='ltr'><strong>pulvinaria</strong></span> 
     </span>
     <span class='ocr_line' id='line_1_15' title="bbox 75 931 656 975; baseline -0.007 -11"><span class='ocrx_word' id='word_1_63' title='bbox 75 933 267 975; x_wconf 64' lang='lat' dir='ltr'><strong>,supplicatio</strong></span> <span class='ocrx_word' id='word_1_64' title='bbox 297 933 427 964; x_wconf 63' lang='lat' dir='ltr'><strong>decreta</strong></span> <span class='ocrx_word' id='word_1_65' title='bbox 454 939 511 963; x_wconf 83' lang='lat' dir='ltr'><strong>esc.</strong></span> <span class='ocrx_word' id='word_1_66' title='bbox 525 948 571 954; x_wconf 93' lang='lat'>—</span> <span class='ocrx_word' id='word_1_67' title='bbox 587 931 656 960; x_wconf 84' lang='lat' dir='ltr'><strong>Da-</strong></span> 
     </span>
     <span class='ocr_line' id='line_1_16' title="bbox 70 978 652 1023; baseline -0.009 -12"><span class='ocrx_word' id='word_1_68' title='bbox 70 980 166 1023; x_wconf 73' lang='lat' dir='ltr'><strong>pt’bus</strong></span> <span class='ocrx_word' id='word_1_69' title='bbox 184 979 361 1010; x_wconf 74' lang='lat' dir='ltr'><em>Saliaribus</em></span> <span class='ocrx_word' id='word_1_70' title='bbox 373 990 385 1010; x_wconf 85' lang='lat'><strong>.·</strong></span> <span class='ocrx_word' id='word_1_71' title='bbox 400 978 419 1010; x_wconf 69' lang='grc' dir='ltr'>ὲ</span> <span class='ocrx_word' id='word_1_72' title='bbox 442 979 549 1015; x_wconf 83' lang='lat' dir='ltr'><strong>Saliis,</strong></span> <span class='ocrx_word' id='word_1_73' title='bbox 565 979 652 1008; x_wconf 84' lang='lat' dir='ltr'><strong>Mar-</strong></span> 
     </span>
     <span class='ocr_line' id='line_1_17' title="bbox 74 1025 653 1066; baseline -0.009 -7"><span class='ocrx_word' id='word_1_74' title='bbox 74 1028 116 1059; x_wconf 82' lang='lat' dir='ltr'><strong>tis</strong></span> <span class='ocrx_word' id='word_1_75' title='bbox 135 1027 354 1059; x_wconf 76' lang='lat' dir='ltr'><strong>sacerdotibus</strong></span> <span class='ocrx_word' id='word_1_76' title='bbox 375 1036 384 1058; x_wconf 89' lang='lat'><strong>:</strong></span> <span class='ocrx_word' id='word_1_77' title='bbox 407 1025 481 1057; x_wconf 83' lang='lat' dir='ltr'><strong>vide</strong></span> <span class='ocrx_word' id='word_1_78' title='bbox 497 1025 552 1056; x_wconf 90' lang='lat' dir='ltr'><strong>od.</strong></span> <span class='ocrx_word' id='word_1_79' title='bbox 571 1034 653 1066; x_wconf 88' lang='lat' dir='ltr'><strong>prae-</strong></span> 
     </span>
     <span class='ocr_line' id='line_1_18' title="bbox 75 1074 652 1114; baseline -0.01 -7"><span class='ocrx_word' id='word_1_80' title='bbox 75 1074 144 1107; x_wconf 83' lang='lat' dir='ltr'><strong>oed.</strong></span> <span class='ocrx_word' id='word_1_81' title='bbox 171 1076 249 1106; x_wconf 87' lang='lat' dir='ltr'><strong>Erat</strong></span> <span class='ocrx_word' id='word_1_82' title='bbox 277 1081 383 1104; x_wconf 78' lang='lat' dir='ltr'><strong>antem</strong></span> <span class='ocrx_word' id='word_1_83' title='bbox 405 1076 517 1106; x_wconf 87' lang='lat' dir='ltr'><strong>Romae</strong></span> <span class='ocrx_word' id='word_1_84' title='bbox 539 1081 652 1114; x_wconf 80' lang='lat' dir='ltr'><strong>perva-</strong></span> 
     </span>
     <span class='ocr_line' id='line_1_19' title="bbox 74 1117 653 1164; baseline -0.01 -11"><span class='ocrx_word' id='word_1_85' title='bbox 74 1129 182 1164; x_wconf 84' lang='lat' dir='ltr'><strong>gatum</strong></span> <span class='ocrx_word' id='word_1_86' title='bbox 203 1121 304 1154; x_wconf 82' lang='lat' dir='ltr'><strong>Salios</strong></span> <span class='ocrx_word' id='word_1_87' title='bbox 324 1121 456 1162; x_wconf 74' lang='lat' dir='ltr'><strong>opipare</strong></span> <span class='ocrx_word' id='word_1_88' title='bbox 479 1120 584 1157; x_wconf 80' lang='lat' dir='ltr'><strong>vesci,</strong></span> <span class='ocrx_word' id='word_1_89' title='bbox 600 1117 653 1148; x_wconf 86' lang='lat' dir='ltr'><strong>ad-</strong></span> 
     </span>
     <span class='ocr_line' id='line_1_20' title="bbox 73 1165 652 1208; baseline -0.009 -8"><span class='ocrx_word' id='word_1_90' title='bbox 73 1169 112 1200; x_wconf 81' lang='grc' dir='ltr'><strong>οὸ</strong></span> <span class='ocrx_word' id='word_1_91' title='bbox 128 1175 166 1200; x_wconf 87' lang='lat' dir='ltr'><strong>ut</strong></span> <span class='ocrx_word' id='word_1_92' title='bbox 189 1178 289 1200; x_wconf 80' lang='lat' dir='ltr'><strong>coenae</strong></span> <span class='ocrx_word' id='word_1_93' title='bbox 304 1167 437 1200; x_wconf 83' lang='lat' dir='ltr'><strong>Saliares</strong></span> <span class='ocrx_word' id='word_1_94' title='bbox 456 1177 517 1208; x_wconf 90' lang='lat' dir='ltr'><strong>pro</strong></span> <span class='ocrx_word' id='word_1_95' title='bbox 538 1165 652 1207; x_wconf 80' lang='lat' dir='ltr'><strong>exqui-</strong></span> 
     </span>
     <span class='ocr_line' id='line_1_21' title="bbox 71 1212 650 1256; baseline -0.007 -9"><span class='ocrx_word' id='word_1_96' title='bbox 71 1216 140 1247; x_wconf 81' lang='lat' dir='ltr'><strong>sitis</strong></span> <span class='ocrx_word' id='word_1_97' title='bbox 171 1221 203 1246; x_wconf 82' lang='lat' dir='ltr'><strong>et</strong></span> <span class='ocrx_word' id='word_1_98' title='bbox 229 1215 428 1256; x_wconf 81' lang='lat' dir='ltr'><strong>sumptuosis</strong></span> <span class='ocrx_word' id='word_1_99' title='bbox 454 1212 650 1244; x_wconf 81' lang='lat' dir='ltr'><strong>dicerentur.</strong></span> 
     </span>
     <span class='ocr_line' id='line_1_22' title="bbox 73 1261 651 1305; baseline -0.009 -11"><span class='ocrx_word' id='word_1_100' title='bbox 73 1265 160 1305; x_wconf 81' lang='lat' dir='ltr'><strong>Quas</strong></span> <span class='ocrx_word' id='word_1_101' title='bbox 175 1261 306 1303; x_wconf 77' lang='lat' dir='ltr'><strong>quidem</strong></span> <span class='ocrx_word' id='word_1_102' title='bbox 323 1262 357 1291; x_wconf 90' lang='lat' dir='ltr'><strong>in</strong></span> <span class='ocrx_word' id='word_1_103' title='bbox 373 1261 522 1304; x_wconf 82' lang='lat' dir='ltr'><strong>gallicum</strong></span> <span class='ocrx_word' id='word_1_104' title='bbox 533 1270 651 1290; x_wconf 85' lang='lat' dir='ltr'><strong>sermo-</strong></span> 
     </span>
     <span class='ocr_line' id='line_1_23' title="bbox 71 1308 648 1351; baseline -0.005 -10"><span class='ocrx_word' id='word_1_105' title='bbox 71 1319 147 1341; x_wconf 76' lang='lat' dir='ltr'><strong>nem</strong></span> <span class='ocrx_word' id='word_1_106' title='bbox 163 1309 304 1351; x_wconf 78' lang='lat' dir='ltr'><strong>ingenue</strong></span> <span class='ocrx_word' id='word_1_107' title='bbox 328 1309 425 1339; x_wconf 83' lang='lat' dir='ltr'><strong>vertit</strong></span> <span class='ocrx_word' id='word_1_108' title='bbox 446 1309 467 1340; x_wconf 92' lang='lat' dir='ltr'>J</span> <span class='ocrx_word' id='word_1_109' title='bbox 469 1308 623 1339; x_wconf 80' lang='lat' dir='ltr'><strong>uvencius</strong></span> <span class='ocrx_word' id='word_1_110' title='bbox 639 1316 648 1338; x_wconf 85' lang='lat'>:</span> 
     </span>
     <span class='ocr_line' id='line_1_24' title="bbox 71 1354 649 1399; baseline -0.007 -11"><span class='ocrx_word' id='word_1_111' title='bbox 71 1367 166 1399; x_wconf 60' lang='lat' dir='ltr'><strong>repas</strong></span> <span class='ocrx_word' id='word_1_112' title='bbox 186 1356 227 1387; x_wconf 84' lang='lat' dir='ltr'><strong>de</strong></span> <span class='ocrx_word' id='word_1_113' title='bbox 259 1354 453 1394; x_wconf 65' lang='grc' dir='ltr'><em>εΙιαηοίηεε,</em></span> <span class='ocrx_word' id='word_1_114' title='bbox 477 1365 572 1397; x_wconf 75' lang='lat' dir='ltr'><strong>repas</strong></span> <span class='ocrx_word' id='word_1_115' title='bbox 609 1354 649 1384; x_wconf 89' lang='lat' dir='ltr'><strong>de</strong></span> 
     </span>
     <span class='ocr_line' id='line_1_25' title="bbox 66 1403 200 1446; baseline 0 -11"><span class='ocrx_word' id='word_1_116' title='bbox 66 1403 200 1446; x_wconf 59' lang='lat' dir='ltr'><strong>prelats.</strong></span> 
     </span>
    </p>

    <p class='ocr_par' dir='ltr' id='par_1_5' title="bbox 67 1449 650 2008">
     <span class='ocr_line' id='line_1_26' title="bbox 118 1449 649 1491; baseline -0.009 -8"><span class='ocrx_word' id='word_1_117' title='bbox 118 1461 150 1483; x_wconf 78' lang='lat'><strong>2.</strong></span> <span class='ocrx_word' id='word_1_118' title='bbox 165 1449 318 1482; x_wconf 67' lang='lat' dir='ltr'><strong>Antehizc</strong></span> <span class='ocrx_word' id='word_1_119' title='bbox 330 1461 342 1481; x_wconf 84' lang='lat'><strong>.·</strong></span> <span class='ocrx_word' id='word_1_120' title='bbox 357 1449 559 1491; x_wconf 73' lang='lat' dir='ltr'><strong>dissyllabice</strong></span> <span class='ocrx_word' id='word_1_121' title='bbox 575 1459 649 1490; x_wconf 88' lang='lat' dir='ltr'><strong>pro-</strong></span> 
     </span>
     <span class='ocr_line' id='line_1_27' title="bbox 74 1497 650 1529; baseline -0.005 0"><span class='ocrx_word' id='word_1_122' title='bbox 74 1497 293 1529; x_wconf 76' lang='lat' dir='ltr'><strong>nuntiandum</strong></span> <span class='ocrx_word' id='word_1_123' title='bbox 317 1497 358 1527; x_wconf 83' lang='lat' dir='ltr'><strong>ad</strong></span> <span class='ocrx_word' id='word_1_124' title='bbox 379 1507 561 1528; x_wconf 83' lang='lat' dir='ltr'><strong>mensuram</strong></span> <span class='ocrx_word' id='word_1_125' title='bbox 580 1507 650 1526; x_wconf 82' lang='lat' dir='ltr'><strong>ver·</strong></span> 
     </span>
     <span class='ocr_line' id='line_1_28' title="bbox 68 1542 650 1584; baseline -0.005 -9"><span class='ocrx_word' id='word_1_126' title='bbox 68 1542 192 1577; x_wconf 45' lang='lat' dir='ltr'><strong>stisff-</strong></span> <span class='ocrx_word' id='word_1_127' title='bbox 212 1544 380 1576; x_wconf 63' lang='lat' dir='ltr'><strong>Caecubum</strong></span> <span class='ocrx_word' id='word_1_128' title='bbox 395 1555 407 1574; x_wconf 86' lang='lat'><strong>.·</strong></span> <span class='ocrx_word' id='word_1_129' title='bbox 427 1543 558 1575; x_wconf 76' lang='lat' dir='ltr'><strong>Coecubi</strong></span> <span class='ocrx_word' id='word_1_130' title='bbox 583 1544 650 1584; x_wconf 84' lang='lat' dir='ltr'><strong>agri</strong></span> 
     </span>
     <span class='ocr_line' id='line_1_29' title="bbox 69 1590 649 1634; baseline -0.003 -12"><span class='ocrx_word' id='word_1_131' title='bbox 69 1593 194 1623; x_wconf 85' lang='lat' dir='ltr'><strong>suntin</strong></span> <span class='ocrx_word' id='word_1_132' title='bbox 210 1591 399 1634; x_wconf 65' lang='lat' dir='ltr'><strong>Campanizi,</strong></span> <span class='ocrx_word' id='word_1_133' title='bbox 416 1591 518 1632; x_wconf 74' lang='lat' dir='ltr'><strong>prope</strong></span> <span class='ocrx_word' id='word_1_134' title='bbox 535 1590 649 1621; x_wconf 85' lang='lat' dir='ltr'><strong>urbem</strong></span> 
     </span>
     <span class='ocr_line' id='line_1_30' title="bbox 69 1638 648 1679; baseline -0.005 -9"><span class='ocrx_word' id='word_1_135' title='bbox 69 1638 220 1677; x_wconf 79' lang='lat' dir='ltr'>Fundos,</span> <span class='ocrx_word' id='word_1_136' title='bbox 237 1638 295 1669; x_wconf 83' lang='lat' dir='ltr'><strong>ubi</strong></span> <span class='ocrx_word' id='word_1_137' title='bbox 316 1638 393 1670; x_wconf 82' lang='lat' dir='ltr'><strong>olim</strong></span> <span class='ocrx_word' id='word_1_138' title='bbox 419 1638 493 1668; x_wconf 86' lang='lat' dir='ltr'><strong>vina</strong></span> <span class='ocrx_word' id='word_1_139' title='bbox 515 1639 648 1679; x_wconf 83' lang='lat' dir='ltr'><strong>optima.</strong></span> 
     </span>
     <span class='ocr_line' id='line_1_31' title="bbox 67 1685 649 1730; baseline -0.005 -13"><span class='ocrx_word' id='word_1_140' title='bbox 67 1703 115 1709; x_wconf 94' lang='lat'><strong>—-</strong></span> <span class='ocrx_word' id='word_1_141' title='bbox 130 1685 256 1730; x_wconf 74' lang='lat' dir='ltr'><strong>Regina</strong></span> <span class='ocrx_word' id='word_1_142' title='bbox 275 1697 286 1719; x_wconf 91' lang='grc'><strong>,·</strong></span> <span class='ocrx_word' id='word_1_143' title='bbox 309 1685 477 1726; x_wconf 84' lang='lat' dir='ltr'>Cleopatra</span> <span class='ocrx_word' id='word_1_144' title='bbox 490 1708 498 1723; x_wconf 92' lang='lat'>‚</span> <span class='ocrx_word' id='word_1_145' title='bbox 518 1686 649 1726; x_wconf 80' lang='lat' dir='ltr'><strong>AEgypti</strong></span> 
     </span>
     <span class='ocr_line' id='line_1_32' title="bbox 69 1732 647 1776; baseline -0.002 -13"><span class='ocrx_word' id='word_1_146' title='bbox 69 1733 176 1776; x_wconf 76' lang='lat' dir='ltr'><strong>regina</strong></span> <span class='ocrx_word' id='word_1_147' title='bbox 189 1756 198 1771; x_wconf 93' lang='lat'><strong>,</strong></span> <span class='ocrx_word' id='word_1_148' title='bbox 211 1743 307 1774; x_wconf 85' lang='lat' dir='ltr'><strong>quam</strong></span> <span class='ocrx_word' id='word_1_149' title='bbox 337 1733 494 1767; x_wconf 69' lang='lat' dir='ltr'><strong>Antonius</strong></span> <span class='ocrx_word' id='word_1_150' title='bbox 523 1732 647 1762; x_wconf 84' lang='lat' dir='ltr'><strong>adama-</strong></span> 
     </span>
     <span class='ocr_line' id='line_1_33' title="bbox 68 1778 647 1821; baseline -0.002 -11"><span class='ocrx_word' id='word_1_151' title='bbox 68 1781 116 1810; x_wconf 73' lang='lat' dir='ltr'><strong>vit</strong></span> <span class='ocrx_word' id='word_1_152' title='bbox 132 1790 141 1812; x_wconf 87' lang='lat'>:</span> <span class='ocrx_word' id='word_1_153' title='bbox 158 1779 248 1821; x_wconf 77' lang='lat' dir='ltr'><strong>quod</strong></span> <span class='ocrx_word' id='word_1_154' title='bbox 263 1778 337 1810; x_wconf 71' lang='lat' dir='ltr'><strong>cum</strong></span> <span class='ocrx_word' id='word_1_155' title='bbox 359 1778 441 1820; x_wconf 67' lang='lat' dir='ltr'><strong>aegre</strong></span> <span class='ocrx_word' id='word_1_156' title='bbox 463 1778 559 1808; x_wconf 76' lang='lat' dir='ltr'><strong>fex-ret</strong></span> <span class='ocrx_word' id='word_1_157' title='bbox 579 1780 647 1815; x_wconf 80' lang='lat' dir='ltr'><strong>Au-</strong></span> 
     </span>
     <span class='ocr_line' id='line_1_34' title="bbox 67 1827 647 1868; baseline -0.003 -11"><span class='ocrx_word' id='word_1_158' title='bbox 67 1833 197 1868; x_wconf 77' lang='lat' dir='ltr'><strong>gustus,</strong></span> <span class='ocrx_word' id='word_1_159' title='bbox 211 1827 303 1865; x_wconf 84' lang='lat' dir='ltr'><strong>cujus</strong></span> <span class='ocrx_word' id='word_1_160' title='bbox 324 1836 466 1856; x_wconf 81' lang='lat' dir='ltr'><strong>sororem</strong></span> <span class='ocrx_word' id='word_1_161' title='bbox 483 1827 647 1861; x_wconf 74' lang='lat' dir='ltr'><strong>Octaviam</strong></span> 
     </span>
     <span class='ocr_line' id='line_1_35' title="bbox 67 1872 647 1910; baseline -0.009 -3"><span class='ocrx_word' id='word_1_162' title='bbox 67 1873 232 1907; x_wconf 70' lang='lat' dir='ltr'><strong>Antonius</strong></span> <span class='ocrx_word' id='word_1_163' title='bbox 251 1872 405 1910; x_wconf 86' lang='lat' dir='ltr'><strong>duxerat,</strong></span> <span class='ocrx_word' id='word_1_164' title='bbox 422 1872 543 1902; x_wconf 83' lang='lat' dir='ltr'><strong>bellum</strong></span> <span class='ocrx_word' id='word_1_165' title='bbox 562 1873 647 1903; x_wconf 84' lang='lat' dir='ltr'><strong>inter</strong></span> 
     </span>
     <span class='ocr_line' id='line_1_36' title="bbox 68 1917 645 1951; baseline -0.002 -1"><span class='ocrx_word' id='word_1_166' title='bbox 68 1929 123 1950; x_wconf 81' lang='lat' dir='ltr'><strong>eos</strong></span> <span class='ocrx_word' id='word_1_167' title='bbox 141 1927 290 1950; x_wconf 86' lang='lat' dir='ltr'><strong>coortum</strong></span> <span class='ocrx_word' id='word_1_168' title='bbox 310 1927 356 1950; x_wconf 82' lang='lat' dir='ltr'><strong>est</strong></span> <span class='ocrx_word' id='word_1_169' title='bbox 375 1929 383 1951; x_wconf 75' lang='grc' dir='ltr'><strong><em>ε</em></strong></span> <span class='ocrx_word' id='word_1_170' title='bbox 404 1917 570 1950; x_wconf 58' lang='lat' dir='ltr'><strong>commissi</strong></span> <span class='ocrx_word' id='word_1_171' title='bbox 590 1930 645 1949; x_wconf 83' lang='lat' dir='ltr'><strong>na-</strong></span> 
     </span>
     <span class='ocr_line' id='line_1_37' title="bbox 68 1965 646 2008; baseline -0.002 -11"><span class='ocrx_word' id='word_1_172' title='bbox 68 1966 133 1998; x_wconf 75' lang='lat' dir='ltr'><strong>vali</strong></span> <span class='ocrx_word' id='word_1_173' title='bbox 153 1965 192 1997; x_wconf 82' lang='lat' dir='ltr'><strong>ad</strong></span> <span class='ocrx_word' id='word_1_174' title='bbox 217 1967 366 2004; x_wconf 79' lang='lat' dir='ltr'><strong>Actium,</strong></span> <span class='ocrx_word' id='word_1_175' title='bbox 382 1967 472 2008; x_wconf 85' lang='lat' dir='ltr'><strong>Epiri</strong></span> <span class='ocrx_word' id='word_1_176' title='bbox 493 1977 646 2008; x_wconf 85' lang='lat' dir='ltr'><strong>promon-</strong></span> 
     </span>
    </p>
   </div>
   <div class='ocr_carea' id='block_1_5' title="bbox 7 2011 645 2056">
    <p class='ocr_par' dir='ltr' id='par_1_6' title="bbox 7 2011 645 2056">
     <span class='ocr_line' id='line_1_38' title="bbox 7 2011 645 2056; baseline 0.002 -13"><span class='ocrx_word' id='word_1_177' title='bbox 7 2039 12 2044; x_wconf 94' lang='lat'>.</span> <span class='ocrx_word' id='word_1_178' title='bbox 66 2013 186 2044; x_wconf 80' lang='lat' dir='ltr'><strong>torium</strong></span> <span class='ocrx_word' id='word_1_179' title='bbox 202 2011 312 2056; x_wconf 79' lang='lat' dir='ltr'><strong>(nime</strong></span> <span class='ocrx_word' id='word_1_180' title='bbox 335 2013 422 2054; x_wconf 70' lang='lat' dir='ltr'><em>Casto</em></span> <span class='ocrx_word' id='word_1_181' title='bbox 443 2013 558 2055; x_wconf 73' lang='lat' dir='ltr'><strong>Figulo</strong></span> <span class='ocrx_word' id='word_1_182' title='bbox 579 2013 645 2044; x_wconf 89' lang='lat' dir='ltr'><strong>dic-</strong></span> 
     </span>
    </p>
   </div>
   <div class='ocr_carea' id='block_1_6' title="bbox 58 2059 644 2292">
    <p class='ocr_par' dir='ltr' id='par_1_7' title="bbox 58 2059 644 2292">
     <span class='ocr_line' id='line_1_39' title="bbox 66 2059 644 2102; baseline -0.002 -11"><span class='ocrx_word' id='word_1_183' title='bbox 66 2059 158 2101; x_wconf 70' lang='lat' dir='ltr'><strong>tum)</strong></span> <span class='ocrx_word' id='word_1_184' title='bbox 177 2060 303 2102; x_wconf 61' lang='lat' dir='ltr'><strong>pugna,</strong></span> <span class='ocrx_word' id='word_1_185' title='bbox 317 2061 421 2091; x_wconf 81' lang='lat' dir='ltr'><strong>victus</strong></span> <span class='ocrx_word' id='word_1_186' title='bbox 434 2061 597 2091; x_wconf 81' lang='lat' dir='ltr'><strong>Antonius</strong></span> <span class='ocrx_word' id='word_1_187' title='bbox 611 2071 644 2091; x_wconf 86' lang='lat' dir='ltr'><strong>se</strong></span> 
     </span>
     <span class='ocr_line' id='line_1_40' title="bbox 64 2106 643 2150; baseline 0 -12"><span class='ocrx_word' id='word_1_188' title='bbox 64 2106 100 2139; x_wconf 79' lang='lat' dir='ltr'><strong>in</strong></span> <span class='ocrx_word' id='word_1_189' title='bbox 129 2107 238 2150; x_wconf 82' lang='lat' dir='ltr'><strong>fugam</strong></span> <span class='ocrx_word' id='word_1_190' title='bbox 261 2118 336 2138; x_wconf 84' lang='lat' dir='ltr'><strong>cum</strong></span> <span class='ocrx_word' id='word_1_191' title='bbox 366 2106 550 2148; x_wconf 71' lang='lat' dir='ltr'><strong>Cleopatrai,</strong></span> <span class='ocrx_word' id='word_1_192' title='bbox 573 2118 643 2148; x_wconf 81' lang='lat' dir='ltr'><strong>quae</strong></span> 
     </span>
     <span class='ocr_line' id='line_1_41' title="bbox 65 2153 644 2196; baseline 0.002 -12"><span class='ocrx_word' id='word_1_193' title='bbox 65 2153 235 2194; x_wconf 79' lang='lat' dir='ltr'><strong>intererat,</strong></span> <span class='ocrx_word' id='word_1_194' title='bbox 253 2155 407 2194; x_wconf 83' lang='lat' dir='ltr'><strong>conjecit,</strong></span> <span class='ocrx_word' id='word_1_195' title='bbox 425 2165 461 2184; x_wconf 81' lang='lat' dir='ltr'><strong>ac</strong></span> <span class='ocrx_word' id='word_1_196' title='bbox 480 2162 553 2196; x_wconf 80' lang='lat' dir='ltr'><strong>post</strong></span> <span class='ocrx_word' id='word_1_197' title='bbox 567 2165 644 2196; x_wconf 88' lang='lat' dir='ltr'><strong>pau·</strong></span> 
     </span>
     <span class='ocr_line' id='line_1_42' title="bbox 62 2198 643 2244; baseline -0.002 -12"><span class='ocrx_word' id='word_1_198' title='bbox 62 2198 101 2239; x_wconf 66' lang='lat'><strong>16</strong></span> <span class='ocrx_word' id='word_1_199' title='bbox 113 2212 223 2233; x_wconf 81' lang='lat' dir='ltr'><strong>necem</strong></span> <span class='ocrx_word' id='word_1_200' title='bbox 238 2201 299 2231; x_wconf 88' lang='lat' dir='ltr'>sibi</span> <span class='ocrx_word' id='word_1_201' title='bbox 322 2202 389 2244; x_wconf 87' lang='lat' dir='ltr'><strong>ipse</strong></span> <span class='ocrx_word' id='word_1_202' title='bbox 408 2201 528 2232; x_wconf 76' lang='lat' dir='ltr'><strong>intulit.</strong></span> <span class='ocrx_word' id='word_1_203' title='bbox 545 2203 643 2232; x_wconf 81' lang='lat' dir='ltr'><strong>Hunc</strong></span> 
     </span>
     <span class='ocr_line' id='line_1_43' title="bbox 58 2244 643 2292; baseline -0.005 -11"><span class='ocrx_word' id='word_1_204' title='bbox 58 2244 184 2282; x_wconf 65' lang='lat' dir='ltr'><strong>’imitata</strong></span> <span class='ocrx_word' id='word_1_205' title='bbox 202 2248 368 2292; x_wconf 77' lang='lat' dir='ltr'><strong>Cleopatra</strong></span> <span class='ocrx_word' id='word_1_206' title='bbox 385 2248 549 2290; x_wconf 82' lang='lat' dir='ltr'><strong>aspidibus</strong></span> <span class='ocrx_word' id='word_1_207' title='bbox 573 2259 643 2280; x_wconf 87' lang='lat' dir='ltr'><strong>cor-</strong></span> 
     </span>
    </p>
   </div>
   <div class='ocr_carea' id='block_1_7' title="bbox 695 787 1290 2284">
    <p class='ocr_par' dir='ltr' id='par_1_8' title="bbox 709 787 1289 878">
     <span class='ocr_line' id='line_1_44' title="bbox 709 787 1289 832; baseline 0.007 -14"><span class='ocrx_word' id='word_1_208' title='bbox 709 789 782 831; x_wconf 83' lang='lat' dir='ltr'><strong>pori</strong></span> <span class='ocrx_word' id='word_1_209' title='bbox 795 787 948 828; x_wconf 68' lang='lat' dir='ltr'><strong>admotis,</strong></span> <span class='ocrx_word' id='word_1_210' title='bbox 964 799 1004 819; x_wconf 88' lang='lat' dir='ltr'><strong>ne</strong></span> <span class='ocrx_word' id='word_1_211' title='bbox 1020 790 1091 820; x_wconf 80' lang='lat' dir='ltr'><strong>viva</strong></span> <span class='ocrx_word' id='word_1_212' title='bbox 1106 797 1289 832; x_wconf 82' lang='lat' dir='ltr'><strong>caperetur,</strong></span> 
     </span>
     <span class='ocr_line' id='line_1_45' title="bbox 709 836 1288 878; baseline 0.009 -12"><span class='ocrx_word' id='word_1_213' title='bbox 709 846 742 866; x_wconf 90' lang='lat' dir='ltr'><strong>se</strong></span> <span class='ocrx_word' id='word_1_214' title='bbox 774 836 937 866; x_wconf 84' lang='lat' dir='ltr'><strong>interemit</strong></span> <span class='ocrx_word' id='word_1_215' title='bbox 967 846 1054 867; x_wconf 84' lang='lat' dir='ltr'><strong>anno</strong></span> <span class='ocrx_word' id='word_1_216' title='bbox 1082 839 1123 868; x_wconf 92' lang='lat' dir='ltr'><strong>U.</strong></span> <span class='ocrx_word' id='word_1_217' title='bbox 1151 838 1187 870; x_wconf 88' lang='lat' dir='ltr'><strong>C.</strong></span> <span class='ocrx_word' id='word_1_218' title='bbox 1210 841 1288 878; x_wconf 79' lang='lat'><strong>723.</strong></span> 
     </span>
    </p>

    <p class='ocr_par' dir='ltr' id='par_1_9' title="bbox 695 883 1290 2284">
     <span class='ocr_line' id='line_1_46' title="bbox 758 883 1290 928; baseline 0.008 -15"><span class='ocrx_word' id='word_1_219' title='bbox 758 883 790 914; x_wconf 83' lang='lat'><strong>3.</strong></span> <span class='ocrx_word' id='word_1_220' title='bbox 823 883 1056 914; x_wconf 78' lang='lat' dir='ltr'><strong>contaminato</strong></span> <span class='ocrx_word' id='word_1_221' title='bbox 1091 895 1163 915; x_wconf 82' lang='lat' dir='ltr'><strong>cum</strong></span> <span class='ocrx_word' id='word_1_222' title='bbox 1189 897 1290 928; x_wconf 73' lang='lat' dir='ltr'><strong>grege</strong></span> 
     </span>
     <span class='ocr_line' id='line_1_47' title="bbox 709 929 1287 970; baseline 0.01 -11"><span class='ocrx_word' id='word_1_223' title='bbox 709 929 845 970; x_wconf 78' lang='lat' dir='ltr'><strong>turpium</strong></span> <span class='ocrx_word' id='word_1_224' title='bbox 860 930 1131 962; x_wconf 28' lang='lat' dir='ltr'><strong>Morbovvirorum</strong></span> <span class='ocrx_word' id='word_1_225' title='bbox 1147 943 1158 962; x_wconf 90' lang='grc'><strong>.·</strong></span> <span class='ocrx_word' id='word_1_226' title='bbox 1180 934 1216 963; x_wconf 89' lang='lat' dir='ltr'><strong>in</strong></span> <span class='ocrx_word' id='word_1_227' title='bbox 1233 943 1287 964; x_wconf 88' lang='lat' dir='ltr'><strong>eo-</strong></span> 
     </span>
     <span class='ocr_line' id='line_1_48' title="bbox 707 976 1287 1010; baseline 0.007 -4"><span class='ocrx_word' id='word_1_228' title='bbox 707 978 822 1007; x_wconf 82' lang='lat' dir='ltr'><strong>mitatu</strong></span> <span class='ocrx_word' id='word_1_229' title='bbox 839 988 898 1008; x_wconf 89' lang='lat' dir='ltr'><strong>suo</strong></span> <span class='ocrx_word' id='word_1_230' title='bbox 918 976 1042 1008; x_wconf 88' lang='lat' dir='ltr'><strong>habens</strong></span> <span class='ocrx_word' id='word_1_231' title='bbox 1060 986 1218 1010; x_wconf 82' lang='lat' dir='ltr'><strong>catervam</strong></span> <span class='ocrx_word' id='word_1_232' title='bbox 1239 981 1287 1010; x_wconf 75' lang='lat' dir='ltr'><strong>vi-</strong></span> 
     </span>
     <span class='ocr_line' id='line_1_49' title="bbox 708 1024 1284 1069; baseline 0.007 -15"><span class='ocrx_word' id='word_1_233' title='bbox 708 1034 820 1055; x_wconf 83' lang='lat' dir='ltr'><strong>rorum</strong></span> <span class='ocrx_word' id='word_1_234' title='bbox 848 1025 935 1066; x_wconf 89' lang='lat' dir='ltr'><strong>turpi</strong></span> <span class='ocrx_word' id='word_1_235' title='bbox 955 1024 1076 1069; x_wconf 39' lang='lat' dir='ltr'><strong>&#39;morbo</strong></span> <span class='ocrx_word' id='word_1_236' title='bbox 1097 1025 1284 1066; x_wconf 82' lang='lat' dir='ltr'><strong>infamium;</strong></span> 
     </span>
     <span class='ocr_line' id='line_1_50' title="bbox 706 1071 1287 1113; baseline 0.009 -12"><span class='ocrx_word' id='word_1_237' title='bbox 706 1071 849 1112; x_wconf 82' lang='lat' dir='ltr'><strong>intellige</strong></span> <span class='ocrx_word' id='word_1_238' title='bbox 863 1071 1020 1113; x_wconf 84' lang='lat' dir='ltr'><strong>spadones</strong></span> <span class='ocrx_word' id='word_1_239' title='bbox 1032 1073 1099 1103; x_wconf 83' lang='lat' dir='ltr'><strong>sive</strong></span> <span class='ocrx_word' id='word_1_240' title='bbox 1108 1073 1287 1113; x_wconf 81' lang='lat' dir='ltr'><strong>eunuchos,</strong></span> 
     </span>
     <span class='ocr_line' id='line_1_51' title="bbox 706 1117 1288 1160; baseline 0.009 -12"><span class='ocrx_word' id='word_1_241' title='bbox 706 1117 790 1148; x_wconf 63' lang='lat' dir='ltr'><strong>infra</strong></span> <span class='ocrx_word' id='word_1_242' title='bbox 802 1118 905 1160; x_wconf 85' lang='lat' dir='ltr'><strong>Epod.</strong></span> <span class='ocrx_word' id='word_1_243' title='bbox 921 1120 968 1150; x_wconf 85' lang='lat' dir='ltr'><strong>IX</strong></span> <span class='ocrx_word' id='word_1_244' title='bbox 977 1142 986 1158; x_wconf 89' lang='lat'><strong>,</strong></span> <span class='ocrx_word' id='word_1_245' title='bbox 1005 1130 1018 1150; x_wconf 86' lang='lat'>1</span> <span class='ocrx_word' id='word_1_246' title='bbox 1027 1121 1057 1151; x_wconf 85' lang='lat'><strong>3.</strong></span> <span class='ocrx_word' id='word_1_247' title='bbox 1068 1121 1202 1152; x_wconf 85' lang='lat' dir='ltr'><strong>—Cum</strong></span> <span class='ocrx_word' id='word_1_248' title='bbox 1215 1131 1288 1153; x_wconf 83' lang='lat' dir='ltr'><strong>con-</strong></span> 
     </span>
     <span class='ocr_line' id='line_1_52' title="bbox 706 1166 1288 1199; baseline 0.007 -4"><span class='ocrx_word' id='word_1_249' title='bbox 706 1171 809 1195; x_wconf 87' lang='lat' dir='ltr'><strong>temtu</strong></span> <span class='ocrx_word' id='word_1_250' title='bbox 827 1173 933 1196; x_wconf 83' lang='lat' dir='ltr'><strong>autem</strong></span> <span class='ocrx_word' id='word_1_251' title='bbox 950 1166 1043 1197; x_wconf 83' lang='lat' dir='ltr'><strong>istam</strong></span> <span class='ocrx_word' id='word_1_252' title='bbox 1057 1174 1217 1198; x_wconf 84' lang='lat' dir='ltr'><strong>catervam</strong></span> <span class='ocrx_word' id='word_1_253' title='bbox 1232 1179 1288 1199; x_wconf 88' lang='lat' dir='ltr'><strong>vo-</strong></span> 
     </span>
     <span class='ocr_line' id='line_1_53' title="bbox 705 1213 1285 1255; baseline 0.009 -13"><span class='ocrx_word' id='word_1_254' title='bbox 705 1219 757 1242; x_wconf 89' lang='lat' dir='ltr'><strong>cat</strong></span> <span class='ocrx_word' id='word_1_255' title='bbox 769 1223 904 1255; x_wconf 68' lang='lat' dir='ltr'><strong>gregem</strong></span> <span class='ocrx_word' id='word_1_256' title='bbox 922 1219 955 1243; x_wconf 88' lang='lat' dir='ltr'><strong>et</strong></span> <span class='ocrx_word' id='word_1_257' title='bbox 972 1213 1105 1255; x_wconf 88' lang='lat' dir='ltr'><strong>quidem</strong></span> <span class='ocrx_word' id='word_1_258' title='bbox 1126 1215 1272 1247; x_wconf 74' lang='lat' dir='ltr'><strong>contami</strong></span> <span class='ocrx_word' id='word_1_259' title='bbox 1276 1234 1285 1239; x_wconf 98' lang='lat'>-</span> 
     </span>
     <span class='ocr_line' id='line_1_54' title="bbox 705 1259 1286 1302; baseline 0.009 -13"><span class='ocrx_word' id='word_1_260' title='bbox 705 1266 818 1290; x_wconf 83' lang='lat' dir='ltr'><strong>natum</strong></span> <span class='ocrx_word' id='word_1_261' title='bbox 830 1282 839 1297; x_wconf 90' lang='lat'><strong>,</strong></span> <span class='ocrx_word' id='word_1_262' title='bbox 856 1259 888 1290; x_wconf 86' lang='lat' dir='ltr'><strong>h.</strong></span> <span class='ocrx_word' id='word_1_263' title='bbox 906 1271 934 1292; x_wconf 78' lang='lat' dir='ltr'><strong>e.</strong></span> <span class='ocrx_word' id='word_1_264' title='bbox 949 1261 1115 1302; x_wconf 86' lang='lat' dir='ltr'><strong>impurum</strong></span> <span class='ocrx_word' id='word_1_265' title='bbox 1133 1262 1185 1293; x_wconf 88' lang='lat' dir='ltr'><strong>vel</strong></span> <span class='ocrx_word' id='word_1_266' title='bbox 1201 1262 1286 1294; x_wconf 60' lang='lat' dir='ltr'><strong>foeda</strong></span> 
     </span>
     <span class='ocr_line' id='line_1_55' title="bbox 702 1306 1287 1348; baseline 0.009 -12"><span class='ocrx_word' id='word_1_267' title='bbox 702 1306 839 1337; x_wconf 82' lang='lat' dir='ltr'><strong>libidine</strong></span> <span class='ocrx_word' id='word_1_268' title='bbox 855 1307 1035 1348; x_wconf 80' lang='lat' dir='ltr'><strong>pollutum3</strong></span> <span class='ocrx_word' id='word_1_269' title='bbox 1046 1308 1191 1340; x_wconf 74' lang='lat' dir='ltr'><strong>virorum</strong></span> <span class='ocrx_word' id='word_1_270' title='bbox 1206 1321 1287 1341; x_wconf 89' lang='lat' dir='ltr'><strong>mor-</strong></span> 
     </span>
     <span class='ocr_line' id='line_1_56' title="bbox 703 1353 1286 1398; baseline 0.009 -15"><span class='ocrx_word' id='word_1_271' title='bbox 703 1353 743 1384; x_wconf 83' lang='lat' dir='ltr'><strong>bo</strong></span> <span class='ocrx_word' id='word_1_272' title='bbox 758 1353 910 1395; x_wconf 81' lang='lat' dir='ltr'><strong>turpium,</strong></span> <span class='ocrx_word' id='word_1_273' title='bbox 927 1354 960 1386; x_wconf 86' lang='lat' dir='ltr'><strong>h.</strong></span> <span class='ocrx_word' id='word_1_274' title='bbox 984 1366 1011 1386; x_wconf 88' lang='lat' dir='ltr'><strong>e.</strong></span> <span class='ocrx_word' id='word_1_275' title='bbox 1033 1357 1171 1398; x_wconf 73' lang='lat' dir='ltr'><strong>turpiter</strong></span> <span class='ocrx_word' id='word_1_276' title='bbox 1183 1358 1286 1388; x_wconf 85' lang='lat' dir='ltr'><strong>evira-</strong></span> 
     </span>
     <span class='ocr_line' id='line_1_57' title="bbox 706 1400 1285 1447; baseline 0.009 -16"><span class='ocrx_word' id='word_1_277' title='bbox 706 1407 826 1439; x_wconf 83' lang='lat' dir='ltr'><strong>torum3</strong></span> <span class='ocrx_word' id='word_1_278' title='bbox 836 1412 911 1432; x_wconf 88' lang='lat' dir='ltr'><strong>nam</strong></span> <span class='ocrx_word' id='word_1_279' title='bbox 923 1402 1048 1433; x_wconf 83' lang='lat' dir='ltr'><strong>morbus</strong></span> <span class='ocrx_word' id='word_1_280' title='bbox 1057 1409 1095 1434; x_wconf 88' lang='lat' dir='ltr'><strong>ut</strong></span> <span class='ocrx_word' id='word_1_281' title='bbox 1102 1400 1188 1440; x_wconf 65' lang='grc' dir='ltr'>νόσος</span> <span class='ocrx_word' id='word_1_282' title='bbox 1198 1403 1285 1447; x_wconf 72' lang='lat' dir='ltr'><strong>apud</strong></span> 
     </span>
     <span class='ocr_line' id='line_1_58' title="bbox 704 1449 1284 1492; baseline 0.009 -14"><span class='ocrx_word' id='word_1_283' title='bbox 704 1449 818 1479; x_wconf 84' lang='lat' dir='ltr'><strong>Gaecos</strong></span> <span class='ocrx_word' id='word_1_284' title='bbox 827 1471 836 1486; x_wconf 85' lang='lat'>‚</span> <span class='ocrx_word' id='word_1_285' title='bbox 851 1449 966 1490; x_wconf 70' lang='lat' dir='ltr'><strong>passim</strong></span> <span class='ocrx_word' id='word_1_286' title='bbox 977 1449 1016 1480; x_wconf 87' lang='lat' dir='ltr'><strong>de</strong></span> <span class='ocrx_word' id='word_1_287' title='bbox 1027 1452 1171 1492; x_wconf 88' lang='lat' dir='ltr'><strong>corporis</strong></span> <span class='ocrx_word' id='word_1_288' title='bbox 1180 1453 1284 1489; x_wconf 80' lang='lat' dir='ltr'><strong>viriis;</strong></span> 
     </span>
     <span class='ocr_line' id='line_1_59' title="bbox 704 1496 1285 1541; baseline 0.01 -17"><span class='ocrx_word' id='word_1_289' title='bbox 704 1496 764 1525; x_wconf 89' lang='lat' dir='ltr'><strong>nisi</strong></span> <span class='ocrx_word' id='word_1_290' title='bbox 781 1496 853 1536; x_wconf 81' lang='lat' dir='ltr'><strong>quis</strong></span> <span class='ocrx_word' id='word_1_291' title='bbox 869 1497 1012 1528; x_wconf 83' lang='lat' dir='ltr'><strong>morbum</strong></span> <span class='ocrx_word' id='word_1_292' title='bbox 1033 1496 1072 1528; x_wconf 87' lang='lat' dir='ltr'><strong>de</strong></span> <span class='ocrx_word' id='word_1_293' title='bbox 1087 1508 1126 1528; x_wconf 87' lang='lat' dir='ltr'><strong>eo</strong></span> <span class='ocrx_word' id='word_1_294' title='bbox 1137 1521 1146 1536; x_wconf 88' lang='lat'><strong>,</strong></span> <span class='ocrx_word' id='word_1_295' title='bbox 1161 1509 1227 1541; x_wconf 87' lang='lat' dir='ltr'><strong>quo</strong></span> <span class='ocrx_word' id='word_1_296' title='bbox 1245 1499 1285 1530; x_wconf 85' lang='lat' dir='ltr'><strong>li-</strong></span> 
     </span>
     <span class='ocr_line' id='line_1_60' title="bbox 704 1542 1285 1587; baseline 0.009 -15"><span class='ocrx_word' id='word_1_297' title='bbox 704 1542 846 1572; x_wconf 86' lang='lat' dir='ltr'><strong>bidinosi</strong></span> <span class='ocrx_word' id='word_1_298' title='bbox 867 1543 1036 1583; x_wconf 83' lang='lat' dir='ltr'><strong>laborant,</strong></span> <span class='ocrx_word' id='word_1_299' title='bbox 1055 1546 1199 1587; x_wconf 81' lang='lat' dir='ltr'><strong>accipere</strong></span> <span class='ocrx_word' id='word_1_300' title='bbox 1217 1557 1285 1577; x_wconf 87' lang='lat' dir='ltr'><strong>ma·</strong></span> 
     </span>
     <span class='ocr_line' id='line_1_61' title="bbox 702 1589 1285 1632; baseline 0.009 -13"><span class='ocrx_word' id='word_1_301' title='bbox 702 1589 760 1627; x_wconf 79' lang='lat' dir='ltr'><strong>lit;</strong></span> <span class='ocrx_word' id='word_1_302' title='bbox 779 1589 856 1620; x_wconf 79' lang='lat' dir='ltr'><strong>hinc</strong></span> <span class='ocrx_word' id='word_1_303' title='bbox 879 1591 962 1632; x_wconf 78' lang='lat' dir='ltr'><strong>apud</strong></span> <span class='ocrx_word' id='word_1_304' title='bbox 981 1592 1099 1623; x_wconf 80' lang='lat' dir='ltr'><strong>Catull.</strong></span> <span class='ocrx_word' id='word_1_305' title='bbox 1115 1594 1199 1631; x_wconf 85' lang='lat' dir='ltr'><strong>LIV,</strong></span> <span class='ocrx_word' id='word_1_306' title='bbox 1214 1594 1285 1624; x_wconf 82' lang='lat' dir='ltr'><strong>Ma-</strong></span> 
     </span>
     <span class='ocr_line' id='line_1_62' title="bbox 702 1638 1285 1680; baseline 0.01 -14"><span class='ocrx_word' id='word_1_307' title='bbox 702 1647 810 1667; x_wconf 86' lang='lat' dir='ltr'><strong>murra</strong></span> <span class='ocrx_word' id='word_1_308' title='bbox 826 1644 858 1667; x_wconf 85' lang='lat' dir='ltr'><strong>et</strong></span> <span class='ocrx_word' id='word_1_309' title='bbox 877 1638 998 1677; x_wconf 77' lang='lat' dir='ltr'><strong>Caesar,</strong></span> <span class='ocrx_word' id='word_1_310' title='bbox 1015 1639 1152 1680; x_wconf 86' lang='lat' dir='ltr'><strong>pathici,</strong></span> <span class='ocrx_word' id='word_1_311' title='bbox 1173 1640 1285 1672; x_wconf 88' lang='lat' dir='ltr'><strong>dicun-</strong></span> 
     </span>
     <span class='ocr_line' id='line_1_63' title="bbox 703 1684 1286 1729; baseline 0.009 -15"><span class='ocrx_word' id='word_1_312' title='bbox 703 1691 756 1714; x_wconf 87' lang='lat' dir='ltr'><strong>tur</strong></span> <span class='ocrx_word' id='word_1_313' title='bbox 773 1684 921 1717; x_wconf 82' lang='lat' dir='ltr'><strong>morbosi.</strong></span> <span class='ocrx_word' id='word_1_314' title='bbox 936 1703 983 1709; x_wconf 90' lang='lat'><strong>—-</strong></span> <span class='ocrx_word' id='word_1_315' title='bbox 999 1685 1163 1727; x_wconf 76' lang='lat' dir='ltr'><strong>Quidlibet</strong></span> <span class='ocrx_word' id='word_1_316' title='bbox 1185 1687 1286 1729; x_wconf 83' lang='lat' dir='ltr'><strong>impo-</strong></span> 
     </span>
     <span class='ocr_line' id='line_1_64' title="bbox 703 1734 1282 1775; baseline 0.012 -15"><span class='ocrx_word' id='word_1_317' title='bbox 703 1738 771 1761; x_wconf 77' lang='lat' dir='ltr'><strong>tens</strong></span> <span class='ocrx_word' id='word_1_318' title='bbox 789 1743 938 1772; x_wconf 79' lang='lat' dir='ltr'><strong>sperare;</strong></span> <span class='ocrx_word' id='word_1_319' title='bbox 956 1734 1135 1775; x_wconf 84' lang='lat' dir='ltr'><strong>impotente</strong></span> <span class='ocrx_word' id='word_1_320' title='bbox 1157 1736 1282 1774; x_wconf 80' lang='lat' dir='ltr'><strong>animo,</strong></span> 
     </span>
     <span class='ocr_line' id='line_1_65' title="bbox 699 1778 1281 1820; baseline 0.009 -12"><span class='ocrx_word' id='word_1_321' title='bbox 699 1778 732 1809; x_wconf 87' lang='lat' dir='ltr'><strong>h.</strong></span> <span class='ocrx_word' id='word_1_322' title='bbox 764 1789 792 1810; x_wconf 85' lang='lat' dir='ltr'><strong>e.</strong></span> <span class='ocrx_word' id='word_1_323' title='bbox 820 1787 938 1820; x_wconf 74' lang='lat' dir='ltr'><strong>praeter</strong></span> <span class='ocrx_word' id='word_1_324' title='bbox 966 1780 1118 1819; x_wconf 86' lang='lat' dir='ltr'><strong>modum,</strong></span> <span class='ocrx_word' id='word_1_325' title='bbox 1142 1782 1262 1813; x_wconf 72' lang='lat' dir='ltr'><strong>temere</strong></span> <span class='ocrx_word' id='word_1_326' title='bbox 1273 1806 1281 1818; x_wconf 85' lang='grc'>,</span> 
     </span>
     <span class='ocr_line' id='line_1_66' title="bbox 699 1827 1282 1868; baseline 0.012 -14"><span class='ocrx_word' id='word_1_327' title='bbox 699 1836 830 1868; x_wconf 84' lang='lat' dir='ltr'><strong>sperans</strong></span> <span class='ocrx_word' id='word_1_328' title='bbox 837 1827 1002 1858; x_wconf 74' lang='lat' dir='ltr'><strong>omnia.—</strong></span> <span class='ocrx_word' id='word_1_329' title='bbox 1014 1828 1113 1859; x_wconf 80' lang='lat' dir='ltr'><strong>Dulci</strong></span> <span class='ocrx_word' id='word_1_330' title='bbox 1121 1839 1132 1862; x_wconf 82' lang='lat'><strong>,·</strong></span> <span class='ocrx_word' id='word_1_331' title='bbox 1145 1829 1229 1860; x_wconf 83' lang='lat' dir='ltr'><strong>refer</strong></span> <span class='ocrx_word' id='word_1_332' title='bbox 1242 1830 1282 1860; x_wconf 84' lang='lat' dir='ltr'><strong>ad</strong></span> 
     </span>
     <span class='ocr_line' id='line_1_67' title="bbox 699 1872 1282 1918; baseline 0.01 -16"><span class='ocrx_word' id='word_1_333' title='bbox 699 1872 828 1903; x_wconf 80' lang='lat' dir='ltr'><strong>dulcem</strong></span> <span class='ocrx_word' id='word_1_334' title='bbox 858 1873 945 1904; x_wconf 84' lang='lat' dir='ltr'><strong>illam</strong></span> <span class='ocrx_word' id='word_1_335' title='bbox 976 1885 1064 1916; x_wconf 86' lang='lat' dir='ltr'><strong>spem</strong></span> <span class='ocrx_word' id='word_1_336' title='bbox 1075 1898 1083 1913; x_wconf 82' lang='grc'>,</span> <span class='ocrx_word' id='word_1_337' title='bbox 1119 1887 1214 1918; x_wconf 85' lang='lat' dir='ltr'><strong>quam</strong></span> <span class='ocrx_word' id='word_1_338' title='bbox 1243 1876 1282 1908; x_wconf 87' lang='lat' dir='ltr'><strong>de</strong></span> 
     </span>
     <span class='ocr_line' id='line_1_68' title="bbox 699 1920 1279 1964; baseline 0.007 -13"><span class='ocrx_word' id='word_1_339' title='bbox 699 1922 846 1951; x_wconf 78' lang='lat' dir='ltr'><strong>Romano</strong></span> <span class='ocrx_word' id='word_1_340' title='bbox 857 1920 1004 1962; x_wconf 84' lang='lat' dir='ltr'><strong>imperio,</strong></span> <span class='ocrx_word' id='word_1_341' title='bbox 1018 1923 1180 1964; x_wconf 62' lang='lat' dir='ltr'><strong>tamquam</strong></span> <span class='ocrx_word' id='word_1_342' title='bbox 1195 1934 1279 1955; x_wconf 83' lang='lat' dir='ltr'><strong>amo-</strong></span> 
     </span>
     <span class='ocr_line' id='line_1_69' title="bbox 699 1967 1281 2006; baseline 0.01 -10"><span class='ocrx_word' id='word_1_343' title='bbox 699 1968 743 1997; x_wconf 84' lang='lat' dir='ltr'><strong>ris</strong></span> <span class='ocrx_word' id='word_1_344' title='bbox 770 1967 936 2006; x_wconf 76' lang='lat' dir='ltr'><strong>mercede,</strong></span> <span class='ocrx_word' id='word_1_345' title='bbox 961 1969 1001 1999; x_wconf 87' lang='lat' dir='ltr'><strong>ab</strong></span> <span class='ocrx_word' id='word_1_346' title='bbox 1029 1970 1176 2001; x_wconf 85' lang='lat' dir='ltr'><strong>Antonio</strong></span> <span class='ocrx_word' id='word_1_347' title='bbox 1197 1973 1281 2002; x_wconf 82' lang='lat' dir='ltr'><strong>acci-</strong></span> 
     </span>
     <span class='ocr_line' id='line_1_70' title="bbox 699 2013 1282 2058; baseline 0.01 -15"><span class='ocrx_word' id='word_1_348' title='bbox 699 2013 818 2054; x_wconf 87' lang='lat' dir='ltr'><strong>piendo</strong></span> <span class='ocrx_word' id='word_1_349' title='bbox 847 2014 917 2056; x_wconf 83' lang='lat' dir='ltr'>(Fl.</span> <span class='ocrx_word' id='word_1_350' title='bbox 947 2017 1013 2053; x_wconf 87' lang='lat' dir='ltr'><strong>IV,</strong></span> <span class='ocrx_word' id='word_1_351' title='bbox 1042 2027 1078 2046; x_wconf 89' lang='lat'><strong>11</strong></span> <span class='ocrx_word' id='word_1_352' title='bbox 1092 2015 1124 2058; x_wconf 87' lang='lat'><strong>)‚</strong></span> <span class='ocrx_word' id='word_1_353' title='bbox 1153 2017 1282 2054; x_wconf 83' lang='lat' dir='ltr'><strong>fovebat</strong></span> 
     </span>
     <span class='ocr_line' id='line_1_71' title="bbox 700 2061 1277 2106; baseline 0.007 -14"><span class='ocrx_word' id='word_1_354' title='bbox 700 2061 878 2103; x_wconf 82' lang='lat' dir='ltr'><strong>Cleopatra.</strong></span> <span class='ocrx_word' id='word_1_355' title='bbox 891 2080 938 2086; x_wconf 72' lang='lat'>—</span> <span class='ocrx_word' id='word_1_356' title='bbox 954 2062 1056 2093; x_wconf 82' lang='lat' dir='ltr'><strong>Ebria</strong></span> <span class='ocrx_word' id='word_1_357' title='bbox 1074 2074 1084 2093; x_wconf 95' lang='grc'><strong>.·</strong></span> <span class='ocrx_word' id='word_1_358' title='bbox 1101 2065 1175 2105; x_wconf 85' lang='lat' dir='ltr'><strong>quia</strong></span> <span class='ocrx_word' id='word_1_359' title='bbox 1191 2076 1277 2106; x_wconf 85' lang='lat' dir='ltr'><strong>spes,</strong></span> 
     </span>
     <span class='ocr_line' id='line_1_72' title="bbox 697 2109 1279 2151; baseline 0.01 -14"><span class='ocrx_word' id='word_1_360' title='bbox 697 2119 796 2149; x_wconf 84' lang='lat' dir='ltr'><strong>quam</strong></span> <span class='ocrx_word' id='word_1_361' title='bbox 837 2109 1027 2148; x_wconf 86' lang='lat' dir='ltr'><strong>imbiberat,</strong></span> <span class='ocrx_word' id='word_1_362' title='bbox 1076 2109 1259 2143; x_wconf 81' lang='lat' dir='ltr'><strong>dulcissima</strong></span> <span class='ocrx_word' id='word_1_363' title='bbox 1271 2136 1279 2151; x_wconf 89' lang='lat'><strong>‚</strong></span> 
     </span>
     <span class='ocr_line' id='line_1_73' title="bbox 697 2156 1278 2202; baseline 0.01 -17"><span class='ocrx_word' id='word_1_364' title='bbox 697 2156 764 2194; x_wconf 81' lang='lat' dir='ltr'><strong>ejus</strong></span> <span class='ocrx_word' id='word_1_365' title='bbox 781 2162 938 2194; x_wconf 82' lang='lat' dir='ltr'><strong>mentem,</strong></span> <span class='ocrx_word' id='word_1_366' title='bbox 958 2164 995 2187; x_wconf 85' lang='lat' dir='ltr'><strong>ut</strong></span> <span class='ocrx_word' id='word_1_367' title='bbox 1018 2157 1138 2202; x_wconf 58' lang='lat' dir='ltr'><strong>nimius</strong></span> <span class='ocrx_word' id='word_1_368' title='bbox 1162 2166 1278 2200; x_wconf 83' lang='lat' dir='ltr'><strong>potus,</strong></span> 
     </span>
     <span class='ocr_line' id='line_1_74' title="bbox 695 2205 1279 2247; baseline 0.01 -16"><span class='ocrx_word' id='word_1_369' title='bbox 695 2209 910 2243; x_wconf 79' lang='lat' dir='ltr'><strong>perverterat;</strong></span> <span class='ocrx_word' id='word_1_370' title='bbox 940 2214 1036 2245; x_wconf 83' lang='lat' dir='ltr'><strong>quam</strong></span> <span class='ocrx_word' id='word_1_371' title='bbox 1059 2205 1279 2247; x_wconf 78' lang='lat' dir='ltr'><strong>metaphoram</strong></span> 
     </span>
     <span class='ocr_line' id='line_1_75' title="bbox 695 2250 1277 2284; baseline 0.009 -5"><span class='ocrx_word' id='word_1_372' title='bbox 695 2250 730 2280; x_wconf 91' lang='lat' dir='ltr'><strong>in</strong></span> <span class='ocrx_word' id='word_1_373' title='bbox 748 2256 896 2281; x_wconf 87' lang='lat' dir='ltr'><strong>nostrum</strong></span> <span class='ocrx_word' id='word_1_374' title='bbox 911 2261 1091 2282; x_wconf 85' lang='lat' dir='ltr'><strong>sermonem</strong></span> <span class='ocrx_word' id='word_1_375' title='bbox 1113 2253 1277 2284; x_wconf 74' lang='lat' dir='ltr'><strong>transtuli-</strong></span> 
     </span>
    </p>
   </div>
  </div>
 </body>
</html>
