1456 2508
19 0 229 50 wrm-'⁴
238 0 274 14 ⁹*
312 19 317 21 >

28 162 30 166 ,
499 131 580 163 mu
607 131 623 160 1
646 130 735 162 omi
758 129 836 161 vn.
1233 135 1274 169 ⁴7

28 185 31 187 ’
57 194 204 245 Δφῑιιω
220 190 316 229 dicit
334 189 445 241 equis
462 191 610 240 Argos,
629 187 807 238 ditesque
821 187 1006 237 Mycenas
1019 194 1060 225 ¹².

164 255 232 292 Me
248 265 323 292 nee
341 255 420 292 tim
438 251 588 304 patiens
605 249 860 288 Lacedaemon
869 247 911 298 ¹3,
1246 266 1277 283 ιο

59 317 142 356 Nec
161 318 239 354 tam
257 314 422 354 Larissae
440 313 630 367 percussit
639 313 667 343 ¹4
687 325 845 364 campus
865 311 1022 364 opimae,

168 381 296 426 Quium
316 378 454 416 domus
472 376 661 416 Albuneae
680 373 948 422 resonantis¹⁵‚

61 442 109 479 Et
129 453 300 492 praeceps
318 441 421 479 Anio
430 439 472 488 ¹⁶,
490 452 535 478 ac
552 438 719 478 Tiburni
738 438 900 485 lucusw,
920 444 958 475 et
979 436 1056 475 uda

167 501 382 542 Mobilibus
401 502 575 554 pomaria
593 500 687 540 rivis
704 500 745 537 ¹3.

62 637 155 668 nium
184 647 260 669 mss.
293 635 409 676 fidem,
441 635 645 668 adulterave-

62 689 141 715 runt
149 705 159 722 ,
173 683 343 726 suppressi
355 685 440 723 conj.
455 691 488 715 et
500 685 536 715 in
549 695 646 715 versu

63 730 276 774 praecedenti,
297 739 331 762 et
350 733 500 773 sequenti
513 733 559 763 sic
573 743 646 763 mu-

64 785 150 818 tato,
165 777 303 822 indeque
315 779 519 820 decerptam,
536 779 572 810 id
585 787 644 819 est,

63 825 247 868 decerptam
262 837 304 858 ex
326 826 404 868 ipsis
421 826 559 858 Athenis
569 850 579 866 ,
602 838 645 859 ex

62 871 132 916 ipsi
147 872 231 905 olivi
249 883 323 916 qnae
335 874 371 904 in
392 873 554 906 Partheno
570 875 646 906 reli-

63 921 152 964 giose
179 920 357 953 colebatur.
387 921 498 953 Multo
531 921 647 954 melius

63 967 211 1010 quidem,
227 968 284 1000 sed
309 968 430 1010 absque
457 970 531 999 satis
556 971 646 1011 gravi

64 1016 255 1047 auctoritate
287 1016 368 1046 facta
391 1016 592 1056 immutatio,
614 1024 646 1048 et

64 1069 190 1094 servato
212 1062 409 1094 intolerabili
432 1074 528 1094 sensu
552 1064 646 1095 verbi

63 1118 254 1153 proeponere
274 1109 523 1152 pro‘imponere.
538 1111 645 1154 Quiun

67 1165 105 1189 ut
115 1157 415 1200 interpretationem
430 1164 566 1197 tutetur,
574 1160 646 1201 quis

66 1204 174 1236 credat
196 1205 419 1237 Mitscherlich
440 1207 538 1236 inniti
560 1206 647 1237 hisce

66 1253 209 1284 Lucretii
226 1252 390 1291 versibus,
413 1251 453 1283 ad
468 1263 551 1295 quos
565 1263 646 1284 asse-

65 1301 110 1331 rit
127 1301 241 1333 Horat.
267 1300 444 1343 respexisse
463 1309 472 1332 :
495 1300 648 1342 juvatque

67 1358 166 1379 novos
198 1348 370 1390 decerpere
394 1347 520 1392 flores,
562 1348 647 1379 Insi-

66 1405 228 1439 gnemque
243 1406 316 1427 meo
331 1394 434 1437 capiti
444 1402 557 1437 petere
571 1395 650 1426 inde}

66 1446 234 1475 eoronam.
248 1445 281 1482 Ι,
292 1443 380 1485 926,
394 1449 427 1474 et
443 1445 504 1482 IV,
521 1445 552 1475 3.
567 1444 650 1485 Quis

67 1500 137 1523 non
149 1489 237 1523 videt
249 1490 268 1522 ὸ.
283 1502 317 1522 se
330 1491 409 1533 ipso·
419 1490 564 1522 damnari
577 1491 652 1522 doc-

63 1531 135 1571 Ἐκ.
148 1538 376 1581 interpretem,
390 1536 466 1569 etun
486 1538 583 1569 verba
594 1550 652 1580 pe-

70 1591 135 1616 tum
159 1585 237 1616 inde
262 1587 329 1617 sint
357 1584 423 1616 titm
452 1593 555 1624 recta,
585 1585 650 1617 tium

70 1631 170 1671 clara,
189 1631 288 1674 quim
309 1632 431 1664 absona
455 1641 504 1664 est
519 1640 551 1664 et
574 1633 650 1664 obs-

71 1689 149 1710 cura
175 1679 231 1725 illa
252 1691 337 1719 vox,
356 1691 568 1722 praeponere,
597 1692 651 1713 eo-

71 1725 436 1770 dammum-pata?

117 1776 276 1816 legamus
294 1775 395 1818 igitur
419 1786 496 1806 cum
513 1776 651 1808 Heinsio

72 1827 106 1852 et
121 1822 295 1853 Dacierio:
318 1821 468 1865 Undique
492 1823 652 1865 decerptae

64 1867 186 1911 smndi
213 1879 407 1911 praeponere
436 1870 555 1902 olivam
565 1883 578 1908 ;
616 1871 652 1902 id

72 1923 138 1954 est,
158 1916 309 1948 omnibus
333 1919 481 1949 omnium
502 1918 652 1950 locorum

74 1963 247 1995 arboribus
281 1965 401 1996 olivam
433 1972 628 2008 anteponere
642 1989 651 2005 ‚

73 2010 166 2053 quod
186 2009 347 2043 laudatori
366 2014 478 2055 patriae
496 2024 564 2044 suae
586 2015 653 2045 vati

73 2057 249 2090 admodum
263 2061 433 2099 convenit,
449 2061 507 2102 qui
521 2062 591 2101 ejus
605 2062 653 2092 in-

72 2106 176 2148 signia
188 2107 309 2138 caeteris
319 2106 417 2150 longe
430 2110 653 2151 praestantiora

72 2153 218 2192 jactitare
243 2153 359 2194 doben
383 2156 429 2186 sic
446 2163 542 2197 poeta
562 2157 652 2198 galli-

73 2210 132 2232 m
144 2201 212 2232 lilia
227 2201 296 2233 aliis
311 2201 448 2234 floribus
463 2204 653 2236 antecellere

73 2256 211 2280 caneret.

127 2306 180 2329 η.
198 2298 324 2339 Apmm
341 2297 424 2330 dicit
442 2298 532 2340 equis
546 2300 655 2342 Argos

700 635 849 678 ditesque
881 636 1051 676 Mycenas.
1078 635 1168 666 Duas
1195 633 1284 666 Pelo—

699 685 839 726 ponnesi
871 683 1016 714 civitates
1031 706 1040 722 ‚
1070 683 1092 714 J
1095 682 1200 714 unoni
1233 692 1282 713 sa-

700 742 788 771 cras,
802 732 931 774 pascuis
946 730 1166 762 feracissimas.

753 781 807 811 13.
822 778 958 810 Patiens
973 778 1192 809 Lacaedemon
1199 788 1214 815 ;
1233 775 1283 808 di-

700 827 788 858 citur
816 827 942 868 patiens
953 849 962 865 ‚
997 826 1044 857 ob
1080 825 1283 856 severitatem

700 874 880 917 disciplinae
906 881 939 904 et
968 883 1099 905 morum
1129 871 1284 914 publico·

699 933 786 954 rum.
803 923 856 955 Sic
875 923 970 963 Virg.
992 922 1113 963 Georg.
1126 921 1176 958 ΙΙ,
1197 926 1263 960 47²
1274 943 1284 958 ‚

700 969 740 1000 de
769 968 857 1011 pube
879 968 1043 999 rusticana
1069 978 1077 998 ε
1103 974 1136 997 et
1152 968 1286 1008 patiens

700 1027 850 1058 operum,
881 1026 1050 1058 parvoque
1076 1022 1207 1045 assueta
1232 1015 1285 1058 ju-

700 1071 821 1095 vennas.

751 1117 804 1148 14.
825 1111 898 1142 Nec
911 1110 980 1141 εὰιη
1001 1108 1142 1141 Lan'ssae
1156 1119 1287 1150 percus-

701 1158 743 1189 sit
751 1170 762 1189 :
772 1159 895 1189 Larissa
908 1164 957 1189 est
968 1158 1052 1190 urbs
1063 1158 1070 1164 ’
1109 1155 1285 1195 Thessalia,

701 1205 839 1237 Achiuis
856 1206 1021 1248 patria.—
1070 1204 1198 1242 rcussit,
1217 1215 1288 1246 per·

701 1254 821 1291 movit,
840 1253 959 1284 affecit.

754 1311 767 1331 1
776 1301 807 1332 5.
822 1300 929 1342 ριιὰηι
942 1300 1057 1331 domus
1070 1300 1232 1330 Albuneae
1242 1310 1288 1330 re-

703 1348 849 1379 sonantis
863 1359 875 1379 .·
889 1358 1004 1379 nemus
1019 1347 1182 1379 Albuneae
1195 1357 1289 1389 nym-

704 1396 777 1437 phae
796 1402 1020 1427 consecratum
1037 1405 1117 1438 :per
1134 1395 1285 1432 domum,

704 1443 848 1485 intellige
866 1451 995 1474 antrum
1019 1442 1038 1473 ὲ
1063 1441 1209 1485 nymphi
1232 1441 1289 1472 ha·

705 1490 846 1522 bitatum
854 1514 863 1529 ‚
873 1490 961 1522 unde
971 1491 1076 1521 oritur
1086 1501 1203 1532 magno
1212 1500 1289 1520 cum

705 1540 843 1580 strepitu
862 1538 989 1569 rivulus
1013 1537 1146 1569 Albula.
1170 1538 1287 1579 virgil.

705 1585 832 1618 AEneid.
853 1587 936 1625 VII,
966 1585 1029 1624 83,
1054 1584 1094 1616 de
1118 1584 1288 1623 Albunea,

705 1644 872 1664 nemorum
906 1644 981 1676 quae
1010 1633 1162 1663 maxima
1194 1643 1290 1663 sacro

704 1683 805 1712 Fonte
823 1689 931 1713 sonat.
953 1681 1058 1723 Prope
1081 1681 1205 1719 Tibur,
1228 1680 1288 1711 ho-

705 1728 757 1762 die
774 1739 783 1761 :
798 1729 903 1760 Baius
918 1729 959 1760 de
977 1727 1090 1759 Tivoli.

758 1776 810 1808 16.
823 1777 912 1808 Anio
920 1789 934 1813 ,·
943 1775 1065 1807 fluvius
1074 1775 1287 1807 Tiburtinum

706 1835 817 1866 agrum
841 1825 995 1867 irrigans,
1018 1830 1050 1854 et
1076 1824 1113 1854 in
1143 1823 1289 1854 Tiberim

705 1871 847 1903 influens
863 1882 871 1903 :
881 1871 980 1903 hodie
990 1895 999 1910 ‚
1010 1871 1041 1902 le
1050 1870 1204 1902 Te‘veron.

759 1930 811 1959 17.
834 1918 968 1950 Tiburni
989 1919 1102 1955 Iucus;
1119 1918 1289 1949 Tiburnus

706 1967 758 1998 vel
773 1967 950 2006 Tiburtus,
967 1977 1044 1997 cum
1057 1965 1209 1998 fratribus
1220 1967 1289 1996 suis

706 2014 823 2046 Catillo
841 2021 872 2046 et
894 2012 978 2046 Coraei
1001 2013 1106 2045 Tibur
1129 2011 1287 2044 condidit.

705 2061 811 2100 Insui,
829 2061 891 2094 Od.
910 2062 1043 2100 XVIII,
1060 2072 1078 2092 2
1092 2083 1101 2099 ‚
1121 2059 1214 2091 Οἱνοὰ
1230 2059 1289 2091 mi-

706 2117 737 2140 te
751 2110 854 2140 solum
875 2109 1016 2147 Tiburis,
1038 2116 1071 2140 et
1085 2107 1208 2139 moem'a
1227 2107 1288 2140 Ca-

706 2156 768 2189 tili.

758 2204 811 2236 18.
831 2205 877 2235 Ec
897 2204 964 2235 uda
988 2202 1158 2234 mobilibus
1171 2213 1286 2245 poma-

707 2251 758 2282 ria
787 2251 869 2283 rivis.
903 2251 1075 2283 Mobilibus
1083 2262 1098 2289 ;
1129 2251 1170 2282 ad
1193 2262 1287 2282 orna-

707 2306 794 2332 tum.
816 2307 853 2330 ut
876 2298 1010 2341 lympha
1021 2298 1153 2342 fugax,
1176 2300 1225 2339 11,
1249 2299 1284 2336 3,
