1456 2508
143 61 149 68 Γ

42 85 60 95 ,-·

501 109 584 142 mn.
607 109 648 140 11.
665 95 756 140 om
777 108 875 140 κη,

1222 113 1286 135 201

171 170 254 208 Nec
273 168 378 208 leves
397 180 559 207 somnos·
570 168 688 206 timor
696 195 715 214 ,,
728 175 794 205 aut
813 164 956 216 cupido
1258 171 1288 194 1⁵

441 228 630 268 Sordidus
649 227 786 266 aufert.

174 292 280 341 Quid
299 291 412 330 brevi
429 291 548 328 fortes
562 289 782 342 jaculamur
801 299 884 324 aevo

175 354 300 393 Multa
318 353 358 391 ὁὶ).
375 352 470 404 quid
491 360 618 390 terras·
632 350 708 388 alio
729 349 907 387 calentes*

175 416 265 455 Sole
284 422 476 453 mutamus
485 412 652 464 ?.patriae
666 410 752 461 quis
771 409 883 448 exsul

443 476 493 512 Se
513 486 668 524 quoque
691 471 814 522 fugit?
1257 484 1288 501 20

178 536 336 575 Scandit
355 545 489 574 aeratas
508 535 649 572 vitiosa
668 541 683 563 7
699 544 816 569 naves

177 599 298 643 Cura,
316 610 386 634 nec
404 605 550 634 turmas
571 595 745 646 equitum
763 590 969 642 relinquit,

177 657 297 695 Ocior
316 657 439 694 cervis
451 685 461 704 ,
482 666 520 694 et
541 663 676 706 agente
695 652 848 692 nimbos

445 719 565 756 Ocior
585 719 702 754 Euro.

174 783 301 818 Laetus
322 779 361 817 in
381 793 549 831 praesens
568 779 717 816 animus
740 778 770 824 3,
789 776 894 828 quod
914 776 1016 815 ultra
1035 784 1092 814 est
1257 784 1288 809 25

176 841 314 879 Oderit
333 854 490 889 curare,
510 849 549 879 et
569 853 700 879 amara
718 839 808 876 laeto

175 906 380 955 Temperet
400 903 481 941 risu
500 918 509 941 ε
530 901 626 940 nihil
645 910 702 939 est
722 900 771 939 ab
791 900 896 938 omni

347 1004 349 1006 .
440 967 553 1002 Parte
572 963 741 1002 beatum.

177 1025 347 1064 Abstulit
365 1025 512 1064 clarum
531 1024 607 1064 cita
623 1037 727 1063 mors
746 1022 954 1071 Achillem3

70 1166 190 1202 Mensa
215 1167 307 1210 temti
333 1168 498 1211 frugalitas
524 1175 556 1200 et
574 1169 649 1200 sim-

69 1218 147 1259 plex
159 1215 264 1248 victui*
276 1217 499 1260 designantur3
514 1228 555 1247 ne
567 1216 650 1248 forte

70 1265 178 1295 tamen
191 1266 295 1306 turpis
316 1266 462 1307 egestatis
477 1265 650 1307 imaginem

70 1311 202 1343 induent
225 1319 329 1350 vates,
343 1311 435 1342 addit
459 1312 595 1343 verbum
610 1311 649 1342 il-

69 1358 148 1397 lud,
165 1359 328 1400 splendet,
345 1369 412 1401 quo
436 1359 648 1397 munditiem,

69 1406 213 1438 honestae
240 1406 470 1438 mediocritatis
490 1406 649 1438 indicium

70 1453 220 1486 ostendit.
235 1469 284 1479 --
303 1454 427 1491 Timor,
450 1461 510 1484 ant
532 1454 648 1495 cupido

71 1499 226 1532 Sordidus
257 1500 367 1543 aufere
388 1512 400 1531 .·
421 1501 505 1532 refer
529 1502 651 1543 epithe-

70 1554 132 1580 ton
145 1547 315 1586 sordidus,
337 1548 466 1579 duabus
495 1549 649 1587 vocibus,

70 1594 169 1637 tietpor
189 1602 247 1626 aut
265 1595 393 1637 cupido.
414 1596 526 1627 Timor
547 1597 650 1626 sordi-

71 1641 136 1677 dus,
143 1641 300 1685 perdendi
309 1666 318 1681 ‚
341 1643 501 1684 cupiditas
519 1643 652 1674 sordida

70 1696 229 1730 questum
245 1689 395 1722 faciendi.

118 1736 151 1768 6.
169 1736 259 1777 Quid
270 1736 355 1768 brevi
356 1736 462 1779 jbrtes
465 1737 655 1779 jaculamur

71 1793 138 1814 cevo
157 1783 264 1814 Mtalea
275 1787 292 1814 :²
307 1784 388 1825 quid
413 1795 472 1815 nos
483 1807 492 1822 ,
507 1784 569 1815 aevi
588 1784 653 1815 tinn

72 1829 173 1861 brevis
196 1830 362 1869 homines,
374 1830 498 1873 fortes,
526 1831 560 1862 id
586 1842 648 1870 est,

71 1887 188 1918 magno
217 1888 293 1909 eum
339 1879 433 1916 nisu,
463 1878 654 1920 jaculamur

73 1924 193 1961 multa,
212 1931 261 1956 tot
287 1931 320 1956 et
346 1931 448 1956 tantas
475 1937 525 1956 res
550 1928 651 1964 votis,

74 1971 165 2014 quasi
197 1971 331 2016 totidem
358 1973 504 2014 sagittis,
529 1975 654 2015 appeti-

74 2018 171 2049 mus?
181 2018 304 2050 Patriae
316 2018 389 2060 quis
403 2020 499 2050 exsul
517 2021 558 2050 Se
573 2032 652 2062 quo-

73 2064 261 2107 quefugit?
284 2067 329 2097 sie
345 2066 470 2098 dixerat
494 2067 567 2098 aute
582 2070 651 2099 Ho-

74 2113 190 2144 ratium
214 2114 341 2145 Lucret.
369 2115 438 2151 111,
455 2114 517 2146 108
528 2125 539 2144 t
557 2124 565 2145 ε
581 2116 652 2146 Hoc

74 2171 110 2191 se
131 2159 266 2201 quisque
286 2161 382 2192 modo
406 2172 532 2203 semper
546 2161 649 2204 fhgit.

73 2209 180 2249 Quem
196 2213 324 2238 textum
339 2208 417 2239 citat
440 2215 472 2239 et
494 2208 651 2239 diffundit

73 2256 184 2287 Seuec.
205 2254 245 2286 de
260 2256 466 2297 Tranquiuit.
486 2256 583 2287 anim.
598 2257 650 2288 11:

702 1168 809 1200 Aliud
823 1177 867 1199 ex
890 1166 958 1199 alio
977 1167 1039 1199 iter
1061 1166 1238 1210 suscipitur,
1256 1174 1288 1199 ee

702 1216 888 1258 spectacula
901 1215 1093 1257 spectaculis
1107 1222 1286 1247 mutantur.

705 1266 746 1295 Se
773 1263 909 1305 quisque
937 1273 1066 1305 semper
1096 1263 1210 1305 fitgit,·
1230 1262 1291 1294 sed

704 1311 786 1353 quid
803 1311 958 1352 prodest,
989 1311 1018 1342 si
1043 1321 1110 1341 non
1137 1310 1257 1354 ffagit
1270 1314 1288 1341 ‚³

703 1358 847 1400 sequitur
859 1370 892 1389 se
911 1357 978 1399 ipse
987 1382 997 1396 ‚
1016 1366 1049 1389 ec
1065 1365 1157 1401 urget
1164 1357 1289 1402 gravis-

705 1417 803 1437 simus
819 1416 936 1437 comes.

753 1465 784 1494 7.
816 1453 903 1484 Cura
928 1452 1052 1483 vitiosa
1077 1464 1090 1484 .·
1116 1452 1187 1492 vel,
1214 1462 1288 1495 quae

703 1503 796 1533 vitiat
807 1525 815 1540 ,
836 1512 910 1543 quae
927 1499 1033 1532 inficit
1047 1501 1209 1538 animum3
1236 1500 1289 1531 vel

705 1596 768 1627 bus
783 1597 940 1639 originem
957 1595 1057 1627 ducit.
1071 1613 1118 1619 -
1136 1596 1208 1627 Nec
1222 1602 1288 1626 tur-

706 1654 778 1673 mas
803 1643 945 1685 equitum
963 1642 1117 1684 relinquit
1139 1654 1151 1673 :
1174 1641 1288 1674 iisdem

705 1690 771 1721 fere
802 1691 910 1721 verbis
941 1690 1086 1721 eamdem
1116 1691 1288 1732 imaginem

706 1745 913 1779 repraesentat
928 1739 1097 1776 Horatius,
1115 1737 1200 1769 infr&
1218 1738 1286 1775 III,

712 1796 748 1823 1,
771 1787 814 1826 39
841 1793 873 1816 et
904 1791 946 1822 40
975 1796 983 1817 :
1014 1787 1130 1826 Neque
1152 1784 1290 1816 Dea-edit

708 1830 813 1863 aeratci
837 1831 979 1869 triremi,
1002 1840 1034 1863 et
1055 1834 1134 1863 Post
1150 1831 1288 1874 equitem

708 1880 798 1910 sedet
817 1888 892 1910 acra
907 1891 994 1911 cura.
1008 1897 1056 1903 —-—
1069 1881 1120 1911 Sic
1138 1880 1288 1910 Boloeus:

708 1928 754 1957 Le
774 1927 910 1970 chagrin
935 1935 1043 1958 monte
1060 1937 1102 1957 en
1127 1937 1243 1968 croupe
1259 1933 1291 1957 ee

707 1974 829 2016 galope
843 1985 922 2005 avec
934 1974 1000 2010 lui,·
1021 1975 1121 2016 Epist.
1141 1976 1183 2005 V.

756 2021 788 2053 8.
808 2024 916 2052 Laetus
932 2021 965 2051 in
975 2032 1123 2062 prcesens
1138 2020 1285 2058 animus,

707 2068 797 2109 quod
823 2069 909 2100 ulcr&
937 2076 985 2099 esc
1018 2067 1123 2098 oderit
1148 2078 1262 2099 curare
1279 2078 1291 2098 :

706 2122 879 2146 contentus
896 2117 1045 2157 praesenti
1068 2122 1233 2157 tempore,
1248 2125 1290 2146 ne

705 2172 797 2193 cures
824 2163 931 2193 futura
953 2161 1141 2204 praevidere.
1155 2180 1205 2187 ·—
1218 2164 1287 2194 Loe-

705 2216 738 2238 to
753 2210 818 2239 risu
835 2221 846 2239 :
863 2212 897 2240 iu
913 2210 1024 2240 multis
1045 2210 1147 2242 codic.
1171 2210 1290 2253 legitur

704 2256 811 2294 lento,
835 2267 933 2299 quam
951 2257 1126 2289 lectionem
1142 2257 1289 2299 plerique
