1456 2508
193 123 256 154 188

586 127 627 166 Q.
652 124 836 157 HORATH
858 124 1012 157 FLACCt

347 180 550 229 Produxst,
571 182 703 230 arbos,
727 182 766 218 in
785 191 968 233 nepotum

402 239 627 288 perniciem,
649 242 976 293 opprobriumque
995 241 1095 292 pagi.

297 301 407 338 Illum
427 310 463 338 et
482 301 648 351 parentis
667 309 681 323 2
700 301 925 339 crediderim
945 301 1003 338 sui
1364 307 1377 331 ⁵

297 361 465 410 Fregisse
484 361 688 407 cervicem,
709 369 746 398 et
765 362 974 412 penetralia

348 420 537 470 Spar-sisse
556 429 743 458 nocturno
763 433 899 458 cruore

399 478 590 530 Hospitis;
611 480 673 517 ille
691 493 837 517 venena
853 479 1012 525 Colcha,

296 542 343 576 Et
362 539 548 589 quidquid
565 543 724 590 usquam
744 541 956 591 concipitur
976 539 1079 576 nefas

297 599 508 644 Tractavit,
527 611 619 649 agro
639 599 705 649 qui
724 600 854 637 statuit
872 611 957 636 meo
1353 613 1381 629 ιο

347 660 421 704 Te,
438 659 545 695 triste
565 658 728 708 lignum,
749 667 786 696 te
805 659 993 695 caducum

401 720 446 755 In
465 718 608 755 domini
629 727 742 769 caput
761 718 1002 756 immerentis.

297 778 400 825 Quid
419 778 578 828 quisque
595 779 689 816 vitet
704 782 897 830 nunquiim
913 777 1058 815 homini
1074 776 1162 815 satis

294 839 457 874 Cautum
477 845 532 874 est
550 837 588 874 in
606 836 720 875 horas
738 836 920 879 {Navita
937 840 1149 887 Bosporum

193 981 253 1013 pro
277 970 327 1001 die
348 972 542 1013 inauspicato
564 979 596 1003 et
621 972 760 1003 infortu-

191 1025 266 1048 nato
287 1018 453 1059 accipitur.
471 1036 519 1042 ·—-
541 1019 762 1059 opprobrium-

191 1075 252 1105 que
267 1064 349 1106 pagi
361 1075 372 1094 .-
400 1075 485 1095 mors
500 1065 584 1094 enim
598 1066 762 1096 immeren-

194 1111 232 1140 tis
245 1132 253 1148 ,
266 1110 370 1140 labem
380 1110 548 1151 quamdam
562 1112 621 1141 toti
633 1122 715 1152 pago
724 1113 761 1142 in

191 1167 256 1197 quo
274 1156 389 1186 accidit
403 1157 531 1187 inurere
550 1157 686 1187 videtur.
706 1159 760 1187 Di-

192 1213 276 1233 ceres
290 1202 423 1233 deorum
442 1203 596 1232 ultionem
615 1202 758 1233 sontibus

190 1249 311 1289 aliquot
320 1248 516 1286 destinatam,
532 1249 567 1278 in
580 1249 757 1279 innocuum

192 1301 306 1336 caput,
322 1305 379 1336 per
392 1305 531 1325 errorem
546 1294 705 1325 incidisse.

239 1352 270 1372 2.
284 1341 380 1372 Illum
397 1348 428 1371 ec
436 1339 584 1381 parentis
597 1351 607 1370 .·
625 1340 757 1370 familia-

190 1389 233 1418 ris
257 1388 389 1418 Horatio
434 1387 488 1417 illa
525 1387 760 1427 imprecationis

190 1433 345 1471 formula,
369 1431 431 1474 quai
457 1431 568 1462 rursus
594 1433 695 1462 utitur
725 1434 761 1463 in

190 1480 254 1510 allii
278 1479 483 1510 detestatione
504 1488 511 1510 :
533 1477 635 1518 infra,
653 1479 756 1519 Epod.

189 1527 258 1564 111,
289 1536 320 1556 2.
345 1543 392 1550 --
415 1524 558 1566 Fregisse
582 1523 730 1555 cervicem
747 1537 757 1555 .-

187 1573 361 1614 jugulasse,
378 1570 430 1602 vel
447 1571 654 1613 strangulasse
664 1592 672 1608 ‚
685 1571 758 1602 loco

190 1618 287 1649 modo
305 1619 401 1649 citato
417 1628 425 1649 ε
444 1617 552 1647 Senile
569 1624 681 1659 guttur
687 1617 758 1658 fre-

187 1664 280 1706 gerit.
294 1664 444 1695 Vindices
451 1674 556 1694 rerum
569 1663 757 1704 capitalium

190 1711 305 1752 laqueo
329 1711 442 1753 gulam
456 1707 609 1752 frege‘re,
632 1709 757 1742 Sallust.

191 1758 282 1788 Catil.
305 1759 371 1788 LV.
387 1773 435 1781 —-
448 1758 613 1787 Nocturno
627 1766 735 1786 cruore
747 1767 758 1786 .·

187 1814 246 1845 per
274 1809 402 1834 noctem
428 1803 540 1834 effuso.
575 1803 682 1844 Auget
710 1804 756 1833 rei

188 1851 403 1887 atrocitatem,
425 1848 511 1890 quod
538 1860 606 1880 non
626 1850 756 1889 ignotus

188 1896 335 1937 quidam,
358 1896 414 1926 sed
435 1895 566 1936 hospes3
590 1906 657 1926 non
689 1895 755 1932 die,

189 1942 244 1973 ubi
266 1953 298 1974 se
319 1942 486 1972 defendere
509 1942 679 1983 potuisset,
702 1942 757 1972 sed

189 1995 287 2019 noctu
310 1995 342 2019 et
367 1999 424 2030 per
448 1999 614 2026 somnum3
633 1998 701 2018 non
721 1989 756 2018 in

189 2034 305 2066 aedium
333 2034 510 2071 vestibulo,
527 2034 583 2064 sed
615 2035 649 2064 in
679 2035 754 2075 ipsis

188 2081 417 2122 penetralibus,
441 2079 548 2111 coram
576 2079 635 2110 diis
662 2091 756 2121 pena-

189 2128 284 2164 tibus,
296 2127 354 2158 diis
369 2127 497 2168 hospitii
511 2127 755 2168 protectoribus,

189 2173 289 2204 scelus
319 2180 528 2215 perpetratur.
549 2191 595 2196 —
622 2175 756 2202 Venena

190 2219 308 2251 Colcha
318 2231 328 2250 :
338 2221 371 2251 in
381 2220 488 2251 multis
498 2230 629 2251 venena
640 2217 758 2250 Colchi-

814 971 912 1010 ea‚it21
922 978 958 1002 ut
965 971 1076 1002 ultima
1082 969 1201 1012 syllaba
1211 980 1284 1000 cum
1292 981 1380 1001 voca-

813 1019 835 1049 li
852 1029 978 1048 versum
1001 1023 1186 1058 sequentem
1209 1017 1380 1057 incipiente

814 1064 963 1102 elidatur3
973 1064 1040 1094 sine
1047 1064 1239 1094 necessitate.
1248 1063 1381 1093 Littora-

813 1121 874 1152 que
890 1110 1019 1141 intravit
1031 1107 1182 1151 Pagaseiz‘
1197 1108 1315 1139 Colcha
1329 1119 1380 1140 ca-

811 1155 901 1192 rinei,
923 1155 1018 1187 Ovid.
1044 1157 1175 1187 Metam.
1199 1157 1297 1193 xm,
1323 1161 1377 1192 24.

811 1204 904 1232 Loesa
922 1211 1024 1242 neque
1042 1209 1090 1232 est
1106 1199 1226 1231 Colclzd
1250 1201 1379 1232 Thessa-

811 1248 845 1278 la
858 1255 943 1278 terra
957 1258 1066 1284 manu,
1080 1246 1124 1279 id.
1138 1246 1269 1279 Heroid.
1280 1249 1359 1279 XVI
1371 1271 1380 1286 ‚

816 1294 895 1330 346.
908 1293 1032 1324 Colchis
1048 1294 1124 1323 vero
1137 1300 1183 1324 est
1191 1294 1276 1324 Asiae
1293 1294 1379 1335 regio

814 1340 854 1370 ad
871 1341 1025 1370 orientem
1042 1340 1135 1370 Ponti
1162 1340 1282 1370 Euxini
1306 1341 1378 1378 sita,

816 1385 939 1417 Medeae
955 1386 1065 1426 patria,
1073 1395 1270 1416 venenorum
1279 1385 1366 1416 ferax
1373 1410 1380 1418 .

813 1450 859 1455 —-
874 1431 1034 1462 Caducum
1044 1441 1056 1460 :
1069 1431 1163 1461 arbos
1171 1453 1181 1470 ,
1197 1441 1268 1472 quae
1281 1442 1380 1474 quon-

814 1477 886 1509 dam
902 1488 1010 1508 casura
1023 1487 1100 1508 eras.

855 1525 875 1555 5
879 1548 886 1556 .
893 1524 979 1565 Quid
985 1523 1116 1564 quisque
1124 1523 1378 1565 vicetnunqulzm

810 1568 935 1601 homini
941 1569 1020 1600 sacis
1028 1577 1154 1600 cautum
1164 1569 1251 1600 estin
1264 1570 1358 1600 horas
1367 1582 1379 1601 .·

810 1615 976 1658 nunquam
994 1616 1139 1647 homines
1154 1615 1228 1646 satis
1245 1627 1278 1647 se
1296 1627 1377 1658 prae-

810 1665 995 1694 munierunt
1020 1662 1131 1692 contra
1150 1663 1378 1704 periculahsin-

811 1710 892 1750 gulis
913 1710 985 1740 vitae
1008 1709 1177 1739 momentis
1194 1708 1378 1749 impenden-

810 1757 863 1787 tia.
882 1756 1001 1786 Cavent
1015 1755 1055 1786 ab
1070 1755 1109 1785 iis
1123 1754 1141 1785 ὲ
1163 1754 1280 1796 quibus
1295 1754 1377 1785 nihil

810 1801 908 1833 ferme
918 1799 1187 1832 reformidandum
1200 1799 1330 1838 liabent,
1346 1807 1378 1832 et

808 1848 848 1878 ab
863 1855 980 1879 eventu
993 1845 1122 1888 prorsus
1134 1846 1308 1888 improviso
1323 1857 1377 1888 op—

808 1895 1010 1935 primuntur:
1027 1893 1168 1934 exempla
1181 1892 1376 1924 affluunt.—

809 1941 928 1971 Navita
937 1943 1052 1970 Poenus
1061 1951 1072 1970 :
1084 1949 1144 1980 pro
1159 1938 1304 1979 quolibet
1312 1939 1374 1970 alio

808 1985 925 2018 navitzi.
937 1987 1017 2018 Cum
1026 1986 1152 2016 delectu
1163 1986 1238 2016 citat
1249 1987 1376 2022 Poenos,

808 2034 892 2063 utin
913 2039 977 2063 arte
998 2031 1167 2073 navigandi
1185 2031 1374 2062 exercitatis-

808 2080 913 2110 simos.
927 2096 974 2103 —
988 2081 1162 2119 Bosporum
1175 2088 1187 2107 .·
1200 2078 1267 2114 site
1279 2076 1376 2108 Thra-

810 2126 914 2164 cium,
941 2136 999 2166 per
1032 2135 1127 2167 quem
1151 2124 1331 2165 navigantes
1357 2123 1374 2152 ὲ

811 2170 1006 2212 Propontide
1018 2172 1053 2202 in
1062 2173 1200 2202 Pontum
1213 2168 1374 2200 Euxinum

811 2216 1014 2257 deferuntur,
1031 2216 1143 2255 hodie,
1160 2216 1190 2247 Ie
1204 2214 1317 2247 de'emit
1335 2214 1375 2245 do
