1456 2508
217 123 282 164 αρε
606 123 646 163 Q.
671 121 855 152 nomm
878 121 1028 154 succi

525 181 716 216 Murenae:
734 178 874 225 tribus,
894 186 958 216 aut
975 190 1113 217 novem

317 241 526 279 Miscentur
544 238 689 288 cyathis
705 239 841 289 pocula
859 238 1066 278 commodis
1087 240 1114 276 4.

527 300 603 346 Qui
618 302 746 337 Musas
765 308 864 336 amat
882 300 1066 349 impares,

316 363 459 399 Ternos
478 360 535 397 ter
549 360 705 408 cyathos
722 360 903 398 attonitus
919 362 934 386 5
954 367 1059 409 petet

524 421 648 457 Vates.
664 422 756 458 Tres
774 419 954 470 prohibet
972 421 1088 469 supra
1367 429 1397 453 15

313 480 497 518 Rixarum
516 486 685 517 metuens
704 488 857 530 tangere
877 479 1010 517 Gratia

518 541 642 579 Nudis
655 541 787 590 juncta
805 539 1013 578 sororibus.

312 600 481 637 Insanire
493 600 602 650 juvat
619 601 646 646 ⁶3
662 603 730 637 cur
748 598 1007 648 Berecynthiae

519 662 674 697 Cessant
690 659 840 696 flamina
860 658 987 696 tibiae?

310 721 387 758 Gur
405 719 545 771 pendet
567 720 680 757 tacita
701 720 824 757 fistula
843 731 928 757 cum
946 720 1054 769 lyra?
1361 737 1394 754 ,υ

203 885 280 906 rena
292 898 300 914 ,
315 874 412 905 frater
428 875 555 906 Liciniae
568 873 607 905 de
630 874 692 916 quai
707 875 771 906 dic·

201 928 282 959 tum,
292 927 415 951 creatus
424 921 534 951 recens
548 931 649 963 augur
657 921 769 953 suerat.

201 967 284 1008 Quia
297 967 374 998 vero
387 977 521 1008 augures
530 967 626 998 ferme
641 970 771 1010 auguria

200 1013 368 1055 captabant
387 1013 479 1044 mane
490 1036 499 1051 ‚
521 1013 649 1054 quidam
667 1016 768 1055 suspi-

199 1066 312 1090 cantur
327 1061 498 1091 Horatium
507 1061 566 1090 tria
582 1060 769 1092 indicavisse

200 1112 361 1146 tempora3
377 1107 595 1147 vespertinum
607 1117 673 1148 quo
690 1107 768 1138 luna

200 1153 312 1193 surgit,
322 1152 457 1183 mediam
472 1158 611 1191 noctem,
625 1160 656 1183 et
667 1160 768 1184 matu-

197 1199 319 1236 tinum3
335 1199 423 1239 quasi
444 1199 501 1239 qui
525 1205 622 1228 totam
638 1205 768 1230 noctem

196 1243 363 1275 traducere
373 1243 513 1286 potando
528 1245 614 1276 velit.
625 1247 646 1276 J
648 1256 764 1278 uvmm.

245 1297 276 1327 4.
296 1289 404 1321 Tribus
426 1298 485 1320 auc
500 1301 609 1320 novem
627 1291 766 1322 Miscen—

195 1343 248 1367 tur
275 1336 398 1376 cyathis
420 1336 540 1377 pocula
570 1338 741 1368 commodis
755 1350 766 1368 .·

195 1383 263 1413 siue
286 1383 353 1413 ullo
375 1382 579 1413 incommodo
604 1383 766 1415 exhauriri

196 1435 330 1469 possunt
340 1452 348 1468 ,
372 1428 390 1459 ὲ
420 1430 522 1470 poetis
550 1429 671 1459 scilicet
681 1452 689 1468 ,
709 1432 765 1471 qui

194 1476 362 1506 Musarum
382 1482 520 1506 amantes
533 1498 541 1513 ‚
558 1476 593 1505 in
623 1475 765 1507 furorem

195 1531 260 1551 sese
275 1522 439 1563 proripere
454 1532 521 1552 non
537 1522 743 1552 reformidant
759 1535 768 1561 ,¹

196 1567 305 1608 cyathi
333 1578 441 1598 novem
452 1580 465 1604 ,·
484 1567 501 1597 a
519 1569 661 1598 convivis
678 1579 765 1599 vere-

194 1613 422 1651 cundioribus,
444 1615 501 1655 qui
523 1614 668 1644 decentes
684 1615 763 1645 Gra-

135 1668 140 1670 ’
193 1659 253 1689 tias
269 1659 383 1690 laedere
399 1661 529 1695 timent,
549 1668 612 1690 tres
627 1667 764 1691 tautum-

193 1705 300 1737 modo.
320 1706 416 1747 Quod
436 1708 472 1736 in
487 1707 693 1748 sequentibus
710 1706 760 1738 fu*-

192 1750 257 1782 sius
289 1752 512 1793 explicabitur.
541 1753 628 1794 Quid
656 1754 781 1783 autem.

190 1797 349 1838 significat
359 1799 613 1839 miscerepocula
619 1799 761 1839 cyathis?

189 1844 217 1873 si
226 1843 310 1875 idem
320 1845 461 1875 valerent
478 1845 546 1875 haec
561 1845 626 1876 duo
640 1846 735 1876 verba
744 1869 753 1884 ‚

187 1891 306 1931 pocula
319 1898 352 1921 ec
364 1890 488 1930 cyathi,
506 1899 543 1921 ut
552 1892 645 1922 multi
661 1893 758 1923 inter-

188 1943 293 1976 pretes
320 1937 462 1967 arbitrati
487 1945 562 1967 sunt
572 1960 580 1974 ,
607 1940 756 1969 Horatius

188 1981 342 2014 dixisset:
372 1982 501 2014 miscere
516 1984 637 2024 pocula
655 1995 754 2025 pocu-

187 2028 246 2066 Iis,
265 2029 353 2070 quod
379 2039 473 2060 sensu
499 2031 585 2060 omni
617 2041 753 2062 vacuum

187 2082 243 2106 est.
265 2075 392 2108 Nodum
415 2074 561 2107 solertius
575 2077 670 2107 solvit
693 2079 754 2108 Ro-

187 2121 301 2152 deuius
310 2144 319 2159 ,
330 2123 421 2161 cujus
434 2123 580 2163 opinioni
589 2123 753 2153 Boivinius

185 2173 217 2198 et
231 2167 355 2199 Sanado
376 2168 534 2199 adhaerere
549 2178 616 2198 non
632 2168 755 2199 dubita-

184 2220 310 2246 verunt.
325 2215 478 2246 Poculum
497 2221 562 2245 erat
576 2225 629 2246 vas
646 2216 753 2256 ipsum

825 873 914 915 quod
938 874 988 905 ori
1012 872 1264 905 exhauriendum
1287 874 1395 906 admo-

823 920 976 957 vebatur3
993 919 1124 960 cyathus
1138 919 1214 951 vero
1228 921 1391 953 vasculum

822 966 924 997 multo
941 965 1047 997 minus
1065 976 1162 1007 capax
1172 988 1182 1004 ‚
1195 976 1260 1007 quo
1269 989 1279 1006 ‚
1292 967 1392 999 veluti

821 1011 968 1043 mensura
977 1011 1123 1053 quadam,
1134 1011 1308 1043 utebantur
1316 1024 1391 1045 con-

821 1059 903 1089 vivae
935 1058 974 1089 ad
1000 1058 1201 1100 implendum
1226 1059 1390 1099 poculum.

821 1105 922 1136 Porro
933 1127 941 1143 ‚
955 1111 1053 1146 prout
1069 1103 1186 1146 largius
1199 1104 1251 1136 vel
1263 1105 1389 1146 parcius

820 1150 933 1181 bibere
954 1152 1138 1182 institutum
1171 1158 1252 1188 erat,
1279 1151 1388 1192 Plures

821 1197 872 1228 vel
889 1198 1051 1239 pauciores
1064 1195 1175 1237 cyathi
1187 1198 1222 1228 in
1235 1198 1387 1238 poculum

819 1243 1083 1274 infundebantur.
1103 1242 1248 1274 Admissa
1266 1242 1326 1274 hac
1339 1245 1387 1276 in-

819 1288 946 1333 geniosa
970 1288 1126 1320 solutione
1137 1312 1146 1327 ‚
1161 1289 1249 1320 nulla
1263 1289 1328 1329 jain
1351 1292 1385 1322 iu

819 1346 914 1367 versu
928 1336 1105 1366 Horatiano
1119 1335 1305 1368 obscuritas.

865 1381 895 1412 5.
923 1380 1087 1412 Attonitus
1100 1392 1112 1412 .-
1128 1380 1235 1412 furore
1256 1385 1382 1424 poetico

816 1434 990 1469 correptus.
1008 1445 1053 1451 —
1066 1429 1152 1458 Tres
1161 1429 1258 1469 suprc'ae
1269 1440 1282 1460 :
1299 1429 1382 1461 ultra

819 1480 880 1504 tres
912 1474 1053 1515 cyathos.
1070 1491 1117 1498 —-
1147 1474 1262 1505 Gratia
1289 1476 1383 1507 nudis

811 1519 926 1561 juncta
952 1520 1107 1550 sororibus
1122 1531 1132 1550 :
1155 1527 1218 1552 tres
1244 1522 1381 1561 Gratiae,

817 1567 934 1607 Aglae,
966 1566 1168 1608 Euphrosina
1193 1573 1225 1598 et
1253 1567 1361 1600 Thalia
1372 1592 1381 1608 ‚

817 1613 946 1643 vinculo
975 1613 1061 1654 quasi
1089 1614 1212 1645 sororio
1238 1613 1324 1646 iuter
1350 1626 1382 1646 se

813 1659 947 1697 junctae,
964 1666 995 1689 et
1010 1659 1106 1690 nudae
1120 1661 1155 1690 in
1167 1660 1303 1701 antiquis
1313 1672 1380 1692 mo-

814 1706 975 1735 numentis
989 1706 1111 1747 semper
1125 1714 1286 1747 apparent.

861 1751 892 1782 6.
911 1751 1052 1782 Insam're
1060 1752 1154 1794 juvat
1169 1763 1180 1782 .·
1193 1763 1295 1784 nexus
1310 1764 1378 1785 sen-

814 1798 920 1828 tentiae
940 1807 948 1829 :
965 1799 1048 1839 Ego,
1070 1806 1170 1837 vates,
1188 1799 1304 1830 Gratiis
1326 1810 1378 1831 va-

810 1843 929 1882 ledico,
950 1850 981 1874 et
996 1843 1080 1875 fidus
1100 1847 1265 1877 Musarum
1289 1847 1377 1877 satel-

810 1889 870 1929 les,
890 1897 996 1921 ternos
1010 1890 1058 1921 ter
1072 1892 1203 1933 cyathos
1212 1915 1221 1930 ‚
1235 1903 1302 1923 non
1317 1900 1378 1923 tres

809 1936 933 1967 tantum
951 1943 1065 1978 petam.
1078 1939 1129 1969 Sic
1142 1937 1238 1979 supra
1253 1939 1316 1970 Od.
1331 1940 1373 1976 11,

811 1993 841 2022 7,
866 1984 906 2013 28
924 1992 932 2014 ε
952 1985 1088 2024 Recepto
1105 1984 1207 2014 Dulce
1232 1984 1372 2026 milzifit-

807 2039 875 2059 rere
890 2036 935 2060 esc
954 2029 1068 2061 amico.
1083 2048 1125 2054 -
1140 2030 1204 2061 Gar
1219 2033 1374 2068 Berecyn-

807 2074 882 2106 thia·
893 2076 1024 2106 cessant
1024 2076 1170 2119 flamina
1183 2075 1268 2107 cibiae
1278 2081 1296 2108 ‚³
1309 2087 1376 2108 mo-

807 2132 857 2151 ras
870 2121 1070 2162 indignatum
1087 2121 1144 2154 cur
1158 2132 1225 2154 non
1236 2122 1301 2161 jam
1319 2134 1372 2154 au-

807 2168 855 2198 dit
873 2168 982 2199 tibiam
1008 2168 1094 2199 illam
1114 2169 1243 2210 Cybelae
1261 2180 1370 2201 conse-

806 2221 939 2252 cratam,
958 2215 1048 2254 cujus
1064 2215 1150 2246 sonis
1162 2215 1324 2246 audientes
1338 2217 1372 2246 in
