1416 2508
161 148 186 172 x
638 132 915 170 PRAEFATIO.

162 213 340 270 repetita
372 211 512 254 edocti
545 210 686 251 tamen
717 207 997 265 experientia,
1020 206 1189 249 nullum
1212 205 1352 248 adhuc

163 278 348 320 infractis
376 277 478 319 recti
506 275 655 329 judicii
687 274 850 331 legibus
890 289 997 331 opus
1038 272 1350 329 superStitisse‚

163 345 370 386 scribendi
393 342 497 384 recte
533 356 674 398 sapere
685 339 855 397 fontem
887 355 969 381 esse
1005 348 1046 380 et
1073 340 1329 398 principium
1341 370 1353 390 ,

165 426 305 468 neque
324 409 535 452 diuturnis
551 423 624 449 eos
639 406 823 465 gaudere
842 406 1125 460 successibus,
1143 406 1240 463 qui,
1261 420 1350 446 non

167 476 303 519 dicam
333 476 530 529 Horatio,
545 473 676 531 (quid
697 474 809 515 enim
828 473 1016 530 putidius
1041 484 1083 514 et
1107 482 1355 528 contemptu

168 542 335 600 dignius
362 545 489 598 quam
491 541 643 598 jurare
659 541 702 580 in
715 539 846 580 verba
863 541 1055 596 magistri
1064 539 1108 596 P)
1125 538 1199 580 sed
1223 538 1353 579 ratio-

169 609 232 650 nis
255 607 502 665 interpreti,
537 605 612 647 sed
645 606 939 647 constantibus
970 606 1162 647 omnium
1185 614 1354 646 aetatum

169 674 534 728 maximorumque
558 672 747 712 virorum
767 670 964 727 exemplis
980 670 1269 712 adversantur.

226 739 327 780 Non
345 736 482 778 solum
497 735 623 794 igitur
638 735 802 777 Horatii
815 735 1091 788 amatoribus,
1106 734 1179 776 sed
1192 735 1359 776 univer-

169 805 225 846 sis
249 804 482 845 litterarum
510 803 748 844 fautoribus
773 802 960 858 artisque-
977 801 1208 858 Apollineae
1229 800 1355 842 disci-

170 871 279 928 pulis
299 886 377 912 nos
393 870 601 927 profuisse
626 868 920 925 gloriabimur,
951 867 986 908 si
1006 868 1234 909 Horatiana
1251 882 1357 924 prae—

171 948 312 992 cepta,
340 951 390 976 ex
411 951 564 992 magno
584 933 656 974 illo
682 932 908 974 Aristotele
932 932 1152 985 translata,
1177 936 1202 974 a
1219 932 1356 974 Boloeo

106 1030 111 1034 -
170 1001 283 1058 apud
299 1017 398 1055 nos,
416 1004 439 1042 a
457 1002 576 1057 Popo
597 998 712 1056 apud
729 998 908 1055 Anglos,
932 998 1158 1040 immortali
1173 999 1357 1040 carmine

170 1078 402 1119 recantata,
427 1070 450 1107 a
467 1065 818 1123 praestantissimis
846 1064 891 1103 in
915 1065 1031 1104 omni
1051 1078 1206 1120 genere
1227 1063 1358 1120 scrip-

170 1133 334 1174 toribus
362 1131 559 1190 adoptata
583 1131 630 1185 etf
643 1130 819 1183 sancita,
846 1130 902 1171 ita
929 1128 1292 1181 illustraverimus,
1311 1139 1360 1170 ut

171 1197 331 1239 facilius
349 1198 574 1251 intellecta,
591 1195 751 1238 facilius
767 1211 941 1253 quoque
966 1200 990 1237 a
1011 1195 1246 1253 legentibus
1260 1195 1362 1236 arri-

171 1264 359 1321 piantur,
390 1276 431 1306 et
455 1265 498 1305 in
519 1266 680 1305 animos
700 1263 984 1304 recentiorum
1007 1272 1250 1319 poetarum,
1274 1276 1361 1303 non

173 1340 222 1370 ut
241 1330 382 1370 inania
399 1330 580 1381 monita,
607 1327 682 1369 sed
703 1338 753 1369 ut
784 1326 995 1368 scribendi
1016 1340 1165 1367 norma
1194 1340 1362 1367 succes-

173 1410 299 1436 suum
324 1406 366 1436 et
383 1411 490 1437 verae
508 1395 650 1451 gloriae
671 1394 802 1446 ferax,
820 1392 993 1433 remotis
1015 1392 1211 1433 omnibus
1227 1391 1363 1433 offen-

175 1459 346 1514 diculis,
386 1460 625 1518 promptius
660 1457 920 1501 descendant
934 1489 945 1511 ,
985 1458 1120 1514 iisque
1159 1457 1362 1499 tenaciter

175 1527 306 1583 magis
326 1524 625 1566 adhaerescunt.
747 1534 754 1539 ·

232 1594 291 1634 Ut
313 1591 475 1633 laudari
499 1593 522 1631 a
547 1590 718 1632 laudato
743 1592 834 1632 viro
862 1590 986 1643 nihil,
1011 1600 1117 1631 teste
1141 1590 1364 1642 Cicerone,

175 1657 423 1699 laudabilius
439 1689 451 1710 ,
477 1658 536 1697 sic
563 1656 670 1698 nihil
694 1659 717 1697 a
743 1656 870 1698 docto
891 1667 933 1697 et
958 1655 1092 1712 perito
1117 1655 1288 1697 edoceri
1310 1655 1364 1697 ad

177 1723 494 1782 persuasionem
518 1732 561 1764 et
585 1721 638 1763 ad
661 1721 897 1774 solandam,
920 1722 1006 1762 imo
1035 1720 1090 1762 ad
1122 1720 1364 1779 erigendam

177 1790 458 1832 humilitatem
481 1799 692 1841 nostram,
712 1789 862 1845 aptius,
891 1787 1059 1841 Quanta
1088 1789 1230 1828 autem
1257 1787 1366 1828 fama

181 1856 397 1914 quondam
414 1855 602 1897 floruerit
615 1855 816 1895 Horatius
832 1854 934 1894 hinc
952 1853 1148 1909 colligere
1162 1864 1235 1906 est,
1249 1852 1367 1909 quod

180 1924 224 1965 in
249 1923 320 1964 illo
343 1920 597 1964 celebrando
626 1935 772 1961 omnes
806 1918 1114 1971 consenserint,
1134 1933 1367 1975 omnesque

180 1987 308 2030 hodie
325 1987 602 2028 consentiant.
626 1984 862 2027 Audiamus
871 1983 1070 2026 Ovidium
1081 1985 1190 2026 exilii
1206 1985 1272 2026 sui
1288 1983 1365 2025 do-

180 2054 290 2097 lores
304 2053 358 2096 ad
370 2063 518 2095 cantus
529 2062 662 2110 poetae
676 2052 810 2094 nostri
826 2050 1366 2105 sublevantem,exclaman-

180 2132 374 2178 temque:

189 2199 193 2202 ⁴
332 2206 372 2236 Et
387 2205 490 2235 tenuit
505 2208 628 2235 nostras
641 2213 830 2235 numerosus
843 2203 996 2234 Horatius
1014 2212 1104 2234 aures
1113 2225 1123 2241 ,

377 2258 462 2292 Dum
479 2258 550 2292 ferit
567 2258 708 2291 Ausonia
723 2259 860 2290 carmina
880 2258 963 2289 culta
979 2256 1058 2299 lyra.
