1456 2508
229 125 294 157 250
608 124 856 166 Q.HORAT11
879 126 1031 158 FLACCI

385 198 400 215 κ
419 182 454 219 Ο
470 192 603 231 magna
623 180 832 231 Carthago,
850 182 1047 232 probrosis

435 257 451 274 α
472 239 598 278 Altior
619 238 739 277 Italiae
757 241 898 278 ruinis!
914 258 929 276 n
1380 255 1412 282 40

329 301 465 337 Fertur
482 297 629 349 pudicae
649 299 816 350 conjugis
832 301 1003 338 osculum
1017 310 1065 348 ¹²,

328 360 543 407 Parvosque
558 366 684 404 natos,
698 365 741 395 ut
759 359 891 408 capitis
911 359 1058 405 minor,

381 417 442 456 Ab
461 431 500 455 se
519 418 742 464 removisse,
767 427 805 456 et
823 419 971 456 virilem

432 480 579 516 Torvus
597 476 703 514 humi
720 478 891 528 posuisse
906 479 1075 526 vultum;

331 538 461 575 Donec
477 538 645 576 labantes
663 538 819 575 consilio
835 541 962 576 Patres
1378 550 1409 579 ⁴⁵

330 598 514 635 Firmaret
531 596 559 621 ¹3
579 605 711 635 auctor
727 600 933 647 numquam
952 597 1042 636 alias
1061 597 1167 645 dato,

382 659 562 706 Interque
576 665 775 694 moerentes
794 657 933 694 amicos

434 708 615 767 Egregius
634 724 855 768 properaret
870 717 987 755 exsul.

225 833 325 874 Roma
339 835 551 876 potentiorem
562 858 571 874 ,
596 841 628 866 et
649 835 794 876 superbae

226 880 348 912 aemulae
374 881 476 911 ruinis
493 891 558 912 sese
575 881 791 913 extollentem.

226 928 264 958 In
293 926 350 957 illo
376 926 578 958 vividissimae
605 927 793 968 eloquentiae

224 983 420 1014 poeseosque
439 974 620 1012 consortio,
632 974 793 1004 tironibus

223 1018 280 1050 diu
297 1019 541 1050 immorandum.

274 1074 327 1096 12.
358 1066 471 1095 Fertur
494 1065 623 1106 pudicae
647 1065 792 1108 conjugis

225 1111 364 1142 osculum
377 1121 388 1141 :
403 1109 498 1151 quam
525 1112 665 1153 egregie,
678 1112 792 1142 severi-

225 1163 288 1188 tate
309 1158 396 1188 vocis
416 1157 519 1195 illius,
539 1157 686 1198 pudic-w,
707 1164 793 1187 aute-

224 1203 312 1234 venit
329 1203 562 1243 voluptuariam
585 1203 671 1233 illam
693 1203 792 1233 osculi

223 1250 393 1292 imaginem
403 1250 409 1279 !
424 1248 557 1279 redeunt
564 1250 599 1279 in
607 1250 790 1279 memoriam

223 1305 334 1326 versus
356 1300 458 1336 poetae
479 1296 626 1336 satyrici,
643 1296 700 1335 qui
723 1305 790 1325 nou

223 1339 331 1371 miuus
342 1339 446 1371 laudis
458 1347 488 1371 et
501 1342 575 1370 artis
584 1342 618 1371 in
627 1341 789 1371 celebrau-

224 1385 263 1417 (1ιὶ
290 1387 422 1423 virtute,
445 1386 540 1427 quam
567 1388 602 1416 iu
631 1386 789 1428 carpendo

223 1433 304 1462 vitio
327 1431 458 1462 abstulit
479 1439 511 1463 et
525 1433 641 1464 attulit.
657 1434 736 1462 Sous
753 1444 789 1463 ce

225 1479 363 1509 modeste
377 1477 464 1508 habit
477 1478 646 1525 de'guigam
656 1489 692 1508 sa
707 1479 791 1509 nais—

223 1535 331 1563 sance,
338 1523 523 1555 Penthievre
532 1524 730 1566 quelquesbis·
741 1525 789 1555 vi-

224 1571 282 1601 site
308 1570 521 1612 l’indigence,
547 1572 590 1600 Ec
611 1571 651 1600 de
676 1571 790 1601 tre'sors

219 1616 322 1657 pieux
351 1616 553 1656 ddpouillant
577 1627 634 1646 son
658 1616 785 1656 palais,

224 1665 320 1693 Porte
343 1662 365 1692 ὰ
388 1662 423 1692 Ia
446 1673 547 1692 vereve
569 1673 609 1692 en
622 1662 731 1702 pleurs
751 1663 791 1692 de

218 1708 379 1749 pudiques
394 1707 545 1750 bienfaits
556 1710 569 1737 !
586 1709 722 1746 Gilbert,
737 1710 790 1739 Sa-

225 1761 288 1796 tyr.
308 1755 343 1784 in
364 1754 505 1784 seculum
529 1753 687 1784 decimum
706 1761 790 1785 octa-

223 1810 311 1832 vum.
334 1817 381 1823 -—-
403 1802 444 1830 Ut
466 1799 578 1840 capitis
604 1800 707 1830 minor
724 1810 735 1830 :
754 1806 790 1830 ut

225 1847 326 1888 capite
345 1845 538 1884 diminutus,
554 1845 587 1875 id
602 1853 664 1883 est,
679 1851 716 1876 ut
730 1856 791 1876 ser-

224 1903 284 1922 vus
301 1892 399 1922 factus
416 1902 473 1932 per
494 1892 716 1932 captivitatem.
738 1893 792 1922 Est

225 1937 331 1968 autem
345 1937 458 1978 capitis
472 1936 641 1968 diminutio
650 1960 660 1974 ‚
677 1939 791 1978 prioris

225 1982 323 2014 status
348 1985 538 2014 immutatio.
571 1983 676 2023 Caput
707 1982 791 2014 enim

225 2030 278 2060 hic
303 2037 421 2060 statum
447 2028 612 2071 significat.
630 2030 712 2060 Fieri
737 2039 791 2059 au-

226 2076 290 2107 tem
316 2087 385 2107 eam
405 2075 507 2106 trihus
536 2074 637 2106 modis
664 2075 788 2106 volunt.

226 2121 308 2159 Num
331 2129 386 2152 aut
404 2121 532 2152 libertas
553 2119 647 2152 simul
670 2128 700 2152 et
715 2121 789 2151 civi-

226 2173 272 2198 tas
285 2169 455 2206 amittitur,
474 2178 544 2209 quae
561 2168 696 2198 maxima
712 2168 792 2208 capi-

227 2214 266 2246 tia
294 2213 464 2247 diminutio
494 2221 570 2246 est:
598 2221 654 2246 aut
683 2213 792 2245 civitas

846 833 984 874 tantum,
997 833 1118 866 retenta
1136 835 1294 875 libertate,
1311 847 1407 879 quam

845 881 978 911 mediam
995 881 1154 922 appellant
1172 891 1180 913 :
1196 888 1250 913 aut
1265 884 1340 914 vero
1357 894 1406 914 re-

846 926 931 958 tenta
956 927 1104 957 libertate
1119 934 1150 958 et
1164 929 1307 968 civitate,
1320 929 1405 960 fami-

844 973 887 1003 lia
903 971 1025 1003 tantum
1040 980 1181 1004 mutatur
1190 996 1199 1011 ,
1213 981 1250 1005 ut
1263 975 1339 1016 putri
1351 985 1408 1016 per

846 1018 1064 1060 adoptionem3
1080 1030 1152 1060 quae
1169 1026 1200 1050 et
1215 1021 1344 1051 minima
1361 1021 1408 1052 di-

847 1066 940 1096 citur.
952 1065 1052 1096 Porro
1062 1087 1071 1103 ‚
1083 1067 1140 1106 qui
1153 1065 1238 1097 hello
1265 1068 1349 1109 capti
1370 1068 1405 1098 iu

843 1111 981 1141 hostium
1001 1118 1090 1141 erant
1109 1118 1280 1153 potestate,
1296 1123 1408 1154 quam·

843 1156 939 1197 quam
966 1157 1097 1198 propter
1117 1155 1170 1196 jus
1201 1158 1405 1198 postliminii,

844 1213 910 1233 non
919 1202 982 1232 tam
997 1202 1350 1243 perdidisselibertatem
1365 1206 1405 1235 ci-

842 1249 1053 1288 vitatemque,
1077 1248 1172 1289 quum
1196 1250 1231 1280 iu
1254 1261 1406 1292 suspenso

842 1304 908 1324 esse
938 1294 1147 1333 videbantur3
1177 1296 1328 1337 tantisper
1360 1303 1405 1326 ta-

842 1340 914 1370 men
927 1339 1003 1370 dum
1017 1340 1156 1378 aberant,
1167 1351 1226 1370 nec
1243 1342 1337 1379 cives,
1347 1352 1405 1372 nec

841 1385 934 1416 liberi
957 1386 1156 1416 habebantur
1179 1396 1187 1417 :
1215 1386 1278 1417 hoc
1308 1386 1406 1428 igitur

842 1439 887 1461 est
898 1455 906 1469 ‚
923 1432 1010 1472 qubd
1024 1442 1083 1461 nec
1097 1433 1262 1473 conjugem
1271 1455 1280 1470 ‚
1297 1443 1356 1464 nec
1368 1434 1406 1463 li-

842 1477 935 1508 beros
966 1477 1154 1519 agnoscebat
1185 1478 1335 1520 Regulus.
1360 1497 1406 1503 —

841 1524 886 1553 Et
899 1523 1029 1554 virilem
1043 1526 1156 1554 Torvus
1167 1522 1257 1554 humi
1265 1525 1406 1565 posuisse

841 1570 966 1599 vultum
990 1580 1001 1599 .·
1022 1568 1201 1599 admiranda
1226 1569 1406 1613 hypotypo-

841 1616 900 1652 sis,
923 1622 955 1645 et
981 1625 1075 1655 quam
1098 1625 1164 1645 non
1181 1616 1322 1647 vinceret
1339 1619 1404 1658 pie-

844 1667 951 1690 torum
988 1661 1318 1701 praestantissimorum
1356 1665 1403 1694 in-

844 1706 980 1736 dustria!

894 1763 906 1782 1
916 1754 944 1783 3.
965 1751 1100 1782 Consilio
1110 1752 1269 1783 Firmaret
1284 1763 1295 1782 .·
1307 1753 1404 1795 junge

843 1798 910 1828 haec
924 1798 989 1828 duo
1004 1798 1161 1828 verba.—-
1174 1801 1296 1829 Auctor
1310 1809 1321 1828 :
1336 1809 1406 1829 sua—

842 1855 914 1881 sor,
938 1845 1088 1875 mouitor.
1105 1861 1151 1867 —
1171 1843 1328 1886 Egregius
1351 1855 1406 1875 ex-

844 1891 894 1920 sul
905 1901 916 1919 .·
932 1890 1005 1920 vere
1023 1891 1165 1931 egregius
1174 1912 1183 1928 ,
1197 1891 1254 1931 qui
1263 1912 1273 1928 ‚
1286 1900 1354 1920 non
1372 1898 1407 1921 ut

843 1936 897 1966 alii
919 1935 1061 1973 exsules,
1085 1935 1228 1974 judicum
1253 1934 1405 1966 sententia

843 1989 897 2012 aut
909 1988 997 2011 metu
1011 1981 1119 2011 saltem
1134 1981 1264 2020 judicii,
1275 1983 1407 2024 patriam

842 2027 1022 2068 reliquerit;
1036 2027 1088 2057 sed
1103 2034 1133 2058 et
1147 2029 1214 2069 ipse
1225 2038 1284 2058 suo
1301 2038 1334 2057 se
1347 2027 1409 2057 suf-

843 2074 956 2115 fragio,
970 2073 1013 2104 ob
1035 2074 1145 2114 patriae
1168 2074 1350 2104 charitatem
1371 2071 1407 2103 fi-

843 2119 956 2160 deique
978 2121 1203 2157 constantiam,
1221 2119 1332 2150 exsili0
1353 2120 1409 2148 mi-

842 2163 903 2195 nus
927 2164 1022 2206 quam
1049 2164 1135 2197 certa
1155 2172 1257 2196 morte
1274 2164 1407 2196 mulcta-

847 2211 939 2244 verit·
