1404 2482
163 99 230 129 ³13

564 103 604 142 Q.
631 102 812 134 HORATII
837 102 987 134 FLACCI

279 157 402 196 stellis
416 157 582 205 inserere
594 187 604 205 ‚
621 167 658 195 et
677 159 833 196 consilio
852 163 874 197 J
876 159 972 196 ovis!

383 218 516 254 Dicam
533 218 693 267 insigne,
715 231 842 256 recens
863 218 890 266 ³,
907 218 1033 256 adhuc

279 276 467 313 Indicium
486 288 553 313 ore
571 277 656 314 alio.
676 279 763 315 Non
781 280 886 315 secus
906 277 946 314 in
957 278 1059 328 jugis

387 335 584 373 Exsomnis
602 345 728 386 stupet
743 337 870 384 Evias,

281 395 452 433 Hebrum
468 395 700 445 prospiciens
711 423 721 442 ‚
742 404 779 433 et
794 396 881 434 nive
897 395 1094 433 candidam

384 455 555 492 Thracen
565 483 575 501 ,
592 468 634 492 ac
648 455 744 505 pede
756 455 922 493 barbaro

279 517 493 552 Lustratam
512 514 735 565 Rhodopen.
760 518 812 553 Ut
831 516 924 553 mihi
940 516 1051 554 devio
1071 515 1085 544 4

386 577 513 624 Rupes
533 583 569 611 ct
584 587 745 611 vacuum
762 588 895 612 nemus

283 634 417 671 Mirari
434 633 540 670 libet!
562 637 596 671 0
616 634 801 671 Naiadum
821 645 971 685 potens,

387 693 696 744 Baccharumque
714 695 727 716 5
745 694 950 732 valentium
1333 701 1362 725 ’ὅ

177 858 255 887 sime
271 867 330 898 pro
348 867 464 887 canere
483 864 665 898 usurpatur.
688 858 748 888 Sil-

179 910 308 934 vestrem
329 902 418 933 temti
435 914 559 933 musam
585 903 748 934 meditaris

179 947 301 986 noemi,
317 950 406 990 Virg.
422 949 488 980 Ecl.
500 952 525 987 1,
542 960 572 980 2.
583 967 628 972 —-
642 949 748 980 Scelle's

180 995 317 1026 inserere
338 1002 369 1025 ec
386 995 518 1025 consilio
539 995 624 1025 Jovis
637 1007 647 1026 :
662 995 745 1026 idem

181 1042 244 1072 feri:
263 1041 379 1071 cecinit
397 1041 436 1071 de
452 1041 608 1079 Romulo,
630 1042 743 1082 supin,

179 1087 242 1119 Od.
262 1089 318 1124 111,
343 1089 374 1125 3,
390 1088 430 1118 33
449 1097 457 1118 :
479 1087 568 1117 illum
592 1098 650 1130 ego
666 1088 743 1118 luci-

179 1133 238 1164 das
254 1133 341 1164 Inire
369 1133 459 1163 sedes
479 1140 538 1164 ece.
560 1141 593 1163 et
610 1134 746 1164 adscribi

178 1179 291 1221 quietis
308 1178 480 1210 Ordinibus
483 1179 594 1220 patiar
601 1180 742 1213 deorum,

181 1225 320 1256 Consilio
341 1225 447 1256 autem
475 1226 556 1268 lege,
594 1237 661 1256 non
670 1237 745 1256 con-

172 1271 246 1302 cilio
262 1294 271 1310 ‚
287 1279 323 1302 ut
350 1273 383 1301 in
402 1271 511 1302 multis
533 1271 741 1306 editionibus,

173 1318 315 1350 Consilio
330 1318 421 1349 Jovis
443 1318 525 1348 recte
547 1319 643 1348 inseri
661 1318 738 1348 dici-

173 1372 235 1402 tur,
253 1364 319 1404 qui,
340 1362 498 1394 recentius
513 1364 666 1395 admissus
691 1366 740 1394 in-

173 1418 220 1441 ter
243 1412 348 1448 Deos,
371 1410 405 1439 in
436 1417 556 1451 partem
589 1410 742 1440 delibera-

173 1457 297 1487 tionum
309 1457 499 1495 coelestium,
514 1456 531 1486 εὶ
541 1467 689 1497 supremo
697 1467 744 1486 esi-

173 1513 244 1533 rum
255 1502 386 1540 arbitro,
396 1503 504 1532 venire
521 1503 645 1534 sinitur.
656 1502 744 1543 Quid

173 1556 219 1579 est
234 1548 332 1590 porro
353 1548 520 1578 concilium
541 1548 651 1579 Jovis?
663 1548 744 1579 Con-

173 1594 280 1625 cilium
301 1593 468 1635 nnnquz'im
499 1601 649 1633 vocatur,
681 1596 743 1624 nisi

174 1641 281 1682 plures
298 1650 442 1681 personae
462 1642 673 1678 conveniant;
697 1642 742 1671 sic

178 1688 214 1717 in
231 1688 320 1728 Virg.
337 1688 408 1718 AEn,
425 1687 574 1727 111,679‚
587 1687 742 1729 Cyclopes

174 1730 271 1763 simul
286 1739 385 1762 ruunt
400 1732 418 1762 ὸ
434 1733 521 1763 silvis
535 1755 544 1770 ‚
572 1733 742 1763 concilium

175 1778 364 1808 horrendum
378 1780 391 1807 Ι
412 1779 474 1816 sic,
489 1781 546 1816 VI,
575 1780 640 1815 433
653 1801 661 1816 ,
684 1782 743 1809 Mi-

176 1835 235 1855 nos
258 1822 408 1854 silentum
438 1825 606 1854 concilium
634 1832 743 1861 vocat3

174 1871 237 1907 sic,
257 1872 287 1901 X
300 1892 308 1907 ,
326 1879 344 1899 α
355 1891 364 1906 ,
392 1869 628 1911 conciliumque
648 1877 748 1900 ‘vocae

175 1914 279 1946 divam
286 1923 384 1956 pater
393 1923 491 1957 atque
503 1915 665 1946 hominum
675 1928 745 1948 rex.

178 1961 260 1994 Citm
301 1961 340 1992 de
373 1961 436 1991 unzi
466 1961 600 2003 persona
626 1963 744 2004 agitur,

179 2007 338 2048 nusqui'im
373 2007 541 2038 concilium
567 2008 747 2039 adhibitum

179 2064 244 2084 esse
258 2054 405 2094 reperies.

230 2101 259 2130 3,
284 2102 405 2130 Recens
426 2111 437 2130 .·
458 2111 507 2131 res
533 2100 677 2130 recenter
707 2100 746 2130 ab

180 2146 326 2187 Augusto
341 2153 460 2187 gestas,
485 2147 603 2188 quibus
621 2145 746 2177 divinos

180 2191 316 2223 honores
339 2192 495 2232 obtinuit,
521 2199 552 2223 et
575 2203 647 2234 quae
663 2202 745 2223 non-

799 855 876 887 dum
909 856 948 887 ab
986 857 1049 888 aiio
1075 856 1168 899 poeti·
1203 857 1364 888 celebratae

799 909 884 933 sunt.
903 921 950 927 ·—-
965 904 1040 934 Non
1058 904 1146 934 sectis
1158 914 1170 933 :
1187 910 1248 935 tam
1266 906 1364 937 subli-

800 951 861 979 mia
876 956 1057 980 cantaturus
1067 972 1076 988 ‚
1092 961 1158 981 non
1173 950 1280 995 aliter,
1297 968 1365 989 non

798 994 902 1026 minus
918 995 1022 1026 vivide
1032 1006 1173 1035 moveor,
1188 999 1283 1040 quim
1292 1005 1364 1036 Bac-

798 1040 872 1078 cha,
891 1052 960 1082 quae
970 1065 979 1080 ,
997 1042 1159 1082 insomnis,
1174 1045 1209 1076 id
1218 1054 1278 1086 est,
1288 1061 1363 1082 noc-

797 1094 908 1118 turnos
923 1098 1051 1119 somnos
1072 1095 1213 1122 temnens
1233 1095 1282 1124 vel
1306 1108 1361 1129 ex-

797 1135 920 1163 cutiens
937 1133 1029 1176 (nam
1054 1146 1112 1176 per
1130 1145 1256 1170 noctem
1270 1145 1357 1185 orgia

798 1179 1074 1222 celebrabantur),
1093 1183 1110 1213 ὲ
1127 1194 1251 1217 summo
1273 1200 1363 1221 mon-

798 1227 879 1256 tium
900 1227 1035 1264 vertice,
1052 1228 1190 1261 Hebrum
1209 1237 1363 1276 prospicit

796 1271 937 1302 Thraciae
951 1271 1098 1313 fluvium,
1109 1282 1140 1305 et
1153 1279 1249 1309 totius
1262 1281 1361 1312 Thra-

796 1318 853 1347 ciae
864 1339 872 1355 ‚
894 1319 1032 1358 regionis
1050 1319 1258 1362 frigidissimae
1269 1348 1278 1364 ‚
1302 1329 1360 1358 im-

793 1365 1004 1402 mensitatem,
1021 1373 1052 1396 et
1066 1366 1251 1410 Rhodopen,
1266 1373 1361 1406 Thra-

795 1411 851 1440 ciae
867 1418 1007 1441 montem
1017 1434 1026 1450 ,
1043 1411 1061 1442 a
1074 1413 1216 1446 barbaris
1231 1425 1262 1448 et
1277 1419 1360 1451 fero-

796 1456 886 1486 cibus
906 1457 1019 1487 incolis
1047 1468 1256 1501 peragratum.
1273 1466 1359 1498 Rho-

796 1502 878 1543 dope
900 1503 1021 1543 Orphei
1039 1506 1183 1537 cantibus
1205 1509 1362 1543 fnitillus-

796 1555 874 1579 trata
886 1571 895 1587 ,
913 1547 985 1579 cum
995 1572 1004 1587 ,
1019 1551 1143 1582 mortui
1160 1554 1244 1589 illius
1260 1556 1362 1590 divini

796 1595 932 1625 cantoris
943 1606 1055 1635 uxore,
1065 1607 1154 1629 arces
1163 1599 1362 1644 Rhodopeias

783 1640 911 1684 flevisse
930 1647 1060 1673 testetur
1073 1645 1162 1687 Virg.
1178 1647 1294 1691 Georg.
1304 1652 1361 1689 IV,

798 1687 874 1724 461.
888 1687 992 1718 Hodie
1008 1696 1137 1721 vocatur
1153 1693 1302 1727 Dervent.

846 1739 875 1769 4.
897 1734 1025 1764 Ucmilzi
1040 1735 1130 1766 devio
1144 1748 1156 1767 .·
1176 1747 1252 1770 sunt
1266 1741 1361 1772 verba

798 1786 898 1820 poetae
925 1790 991 1820 prae
1021 1781 1226 1816 admiratione
1258 1788 1361 1818 excla-

798 1826 931 1863 1nantis;
952 1837 1055 1868 neque
1076 1828 1115 1858 ad
1134 1832 1362 1873 praecedentia,

799 1881 864 1901 non
880 1872 982 1909 sec-1¹15,
1002 1873 1066 1904 ulla
1088 1874 1180 1906 tenus
1200 1879 1362 1912 referenda

799 1924 883 1948 sunt.
896 1918 1026 1950 Devium
1042 1931 1074 1951 se
1086 1920 1162 1952 dicit
1176 1925 1270 1956 Vates
1279 1949 1288 1964 ‚
1305 1929 1363 1968 qui

798 1963 904 1993 solitas
919 1966 1029 1996 Romae
1049 1967 1100 1998 vel
1112 1967 1240 2001 Tiburis
1254 1972 1341 2003 sedes
1351 1995 1360 2012 ‚

799 2010 896 2039 antris
914 2010 991 2050 illis,
1019 2019 1050 2042 et
1068 2010 1189 2055 frigidis
1209 2018 1285 2058 ripis
1299 2041 1307 2055 ‚
1331 2026 1362 2049 et

798 2055 928 2086 desertis
956 2059 1138 2090 nemoribus
1149 2083 1158 2099 ,
1185 2061 1203 2092 ὸ
1236 2064 1361 2095 Baccho

799 2102 985 2133 mirabiliter
1017 2105 1184 2137 translatus
1199 2130 1208 2146 ,
1253 2109 1359 2141 subito

800 2150 978 2181 mutaverit.

846 2193 876 2225 5.
904 2196 932 2225 O
955 2194 1123 2229 Naiadum
1139 2207 1255 2240 potens
1279 2204 1360 2232 Bac-
