1456 2508
192 103 256 124 200

573 94 614 133 Q.
639 88 822 123 HORA'TH
846 91 996 124 FLACCI

294 147 476 189 Condidit
493 149 641 195 lunam,
661 161 785 198 neque
805 157 908 187 certa
925 150 1068 200 fulgent

556 209 688 246 Sidera
703 208 827 246 nautis
848 224 856 246 :

297 269 428 307 Otium
444 268 544 305 bello
565 268 707 306 furiosa
725 268 891 314 Thrace,

298 329 430 367 Otium
447 327 461 350 3
481 327 587 365 Medi
606 328 788 378 pharetra
808 328 958 376 decori,

297 387 493 439 Grosphe‚
515 400 592 425 non
615 388 790 437 gemmis,
809 402 931 439 neque
949 390 1120 439 purpurei
1139 402 1202 428 ve—

556 447 662 495 nale,
682 461 751 485 nec
771 460 877 485 auro.

298 508 384 544 Non
403 505 501 543 enim
521 519 642 557 gazae,
662 520 786 557 neque
805 508 1012 546 consularis
1029 498 1045 508 ³

301 570 521 604 Summovet
537 567 647 604 lictor
664 567 678 596 4
697 567 853 605 miseros
873 569 1055 607 tumultus
1358 589 1386 603 ιω

300 626 457 673 Mentis,
478 634 514 663 et
530 639 639 664 curas
659 626 835 677 laqueata
851 628 995 666 circfim

561 688 677 724 Tecta
695 687 876 725 volantes.

299 743 452 782 Vivitur
470 757 590 795 parvo
609 745 706 783 bene
723 745 751 793 ⁵,
772 747 833 784 cui
854 755 1053 797 paternum

305 803 485 854 Splendet
504 805 543 842 in
562 808 689 843 mensa
709 807 814 843 tenui
833 807 992 844 salinum
1012 820 1020 842 :

197 941 259 974 Od.
288 942 338 980 11,
372 951 429 980 xo,
460 952 474 973 1
506 950 538 974 et
561 944 766 977 3.—-Certa

198 987 304 1018 sidera
322 998 334 1018 .·
350 988 464 1027 stellae,
479 1001 615 1031 quarum
633 992 701 1022 solo
723 1003 767 1024 as-

199 1041 310 1075 pectu,
330 1035 402 1065 ante
422 1037 583 1067 inventam
607 1039 767 1070 nauticam

199 1080 318 1122 pyxida
349 1081 405 1124 (la
434 1082 614 1124 bomsole),
637 1085 768 1115 navium

200 1137 312 1157 cursus
326 1126 419 1169 dirigi
434 1134 576 1170 poterat3
595 1131 769 1170 praesertim

199 1172 280 1211 illae,
299 1184 371 1214 quae
399 1175 442 1205 ob
469 1175 662 1205 vicinitatem
683 1177 766 1217 poli,

200 1229 257 1260 per
275 1226 374 1251 totam
391 1227 535 1259 noctem,
558 1229 677 1252 certum
697 1224 770 1254 coeli

201 1266 339 1306 spatium
366 1274 543 1308 occupant,
563 1267 581 1298 a
612 1267 685 1299 loco
711 1271 769 1300 vix

202 1321 238 1342 ac
273 1323 314 1342 ne
347 1313 402 1343 vix
442 1312 572 1354 quidem
613 1313 770 1347 dimoveri

203 1357 368 1397 videntur,
398 1365 429 1390 et
457 1360 501 1390 sic
532 1367 651 1391 certam
679 1362 768 1393 navi-

203 1405 264 1445 giis
281 1406 363 1435 viam
392 1404 554 1445 indicant3
568 1407 650 1437 bene
682 1407 771 1450 galli-

205 1451 242 1482 ce
255 1458 358 1482 vertas
386 1461 395 1484 :
428 1452 474 1482 les
507 1460 608 1483 ascres
644 1453 768 1485 indica-

206 1504 298 1529 tenrs.

254 1545 284 1574 3.
303 1540 419 1576 ‘Otium
423 1568 479 1577 .....
507 1545 604 1576 otium
622 1556 633 1576 :
658 1546 697 1577 ad
720 1557 774 1578 au-

205 1590 338 1632 gendam
353 1592 517 1622 sententiae
529 1594 594 1622 vim
610 1592 657 1622 ter
675 1594 772 1624 otium

206 1643 298 1667 vocat
308 1659 316 1674 ‚
336 1638 384 1668 ter
397 1637 538 1669 eamdem
551 1649 664 1670 vocem
683 1651 773 1681 repe-

206 1685 263 1721 tit,
287 1690 322 1713 ut
348 1685 545 1725 intelligatur
565 1685 659 1726 quam
683 1697 772 1727 repe-

207 1731 272 1760 titis
301 1732 383 1761 votis
412 1731 557 1761 homines
589 1731 687 1762 otium
719 1743 775 1763 cu-

208 1777 306 1816 piant.
319 1777 369 1807 Sic
378 1783 485 1808 noster
494 1778 668 1808 Fontanius
678 1800 686 1816 ‚
699 1778 776 1811 Fab.

209 1823 283 1860 VII,
292 1833 303 1852 1
311 1833 342 1854 2:
357 1825 401 1853 Le
410 1833 511 1864 repos‚
522 1823 552 1853 Ie
561 1826 666 1864 repos!
680 1824 778 1855 tre'sor

210 1867 404 1909 sipre'cieuae,
415 1871 519 1910 Qu'on
528 1880 567 1899 en
569 1869 686 1912 faisoit
688 1870 778 1913 judis

211 1915 242 1946 le
255 1923 393 1957 parcage
417 1916 473 1946 des
500 1915 618 1947 Dieux.
629 1934 676 1940 —
689 1918 779 1948 Medi

207 1959 362 2002 pharetra
375 1962 483 1992 decori
495 1973 506 1993 .·
517 1962 636 2003 Parthi,
650 1969 716 1994 arte
729 1974 776 1994 sa-

211 2008 345 2049 gittandi
358 2009 505 2050 insignes.

261 2061 291 2091 4.
311 2056 425 2096 Neque
443 2055 618 2086 consularis
631 2057 777 2087 Summo-

213 2108 261 2131 νει
275 2100 368 2131 lictor
378 2113 389 2131 :
410 2100 676 2142 quemadmodilm
691 2113 777 2133 sum-

212 2154 318 2178 movet
330 2148 467 2187 turbam,
477 2143 651 2180 incedentis
665 2158 778 2179 consu-

211 2192 256 2223 lis'
264 2192 401 2225 liberum
418 2195 479 2226 iter
495 2194 777 2237 impedientem.—

817 945 863 975 Et
873 955 965 975 curas
981 944 1134 986 laqueata
1156 943 1271 976 circiem
1290 947 1385 976 Tecta

818 992 970 1022 volantes
982 1002 993 1021 :
1005 991 1191 1022 crediderim
1203 991 1255 1023 hic
1263 1000 1388 1033 poetam

819 1048 876 1078 per
905 1037 1131 1069 vividissimam
1150 1039 1320 1080 imaginem
1343 1039 1387 1069 al-

820 1083 930 1113 ludere
949 1083 986 1114 ad
1008 1085 1148 1115 sinistras
1165 1085 1234 1115 illas
1255 1091 1286 1115 et
1309 1095 1386 1116 uoc-

822 1135 930 1159 turnas
945 1139 1037 1168 aves,
1060 1141 1132 1171 quae
1151 1131 1186 1161 in
1205 1130 1387 1173 magnificas

822 1175 919 1213 aedes,
936 1175 1037 1206 multi)
1066 1175 1262 1218 frequentiias
1293 1176 1390 1218 quam

824 1222 859 1252 in
891 1223 1022 1264 exiguas
1046 1232 1148 1261 casas,
1175 1222 1312 1254 tenebris
1336 1223 1390 1254 ob·

821 1268 899 1299 ortis
909 1267 1094 1310 irrumpunt
1103 1292 1112 1307 ,
1129 1269 1298 1300 excutiunt
1311 1279 1390 1300 som-

820 1325 916 1352 num,
931 1320 963 1345 et
979 1314 1028 1345 sin
1044 1313 1149 1345 minius
1170 1322 1324 1347 terrorem
1334 1338 1343 1353 ,
1359 1323 1390 1346 at

822 1361 906 1391 certe
943 1360 1189 1392 sollicitudinem
1223 1362 1390 1393 circumfe-

824 1413 911 1438 runt.

872 1453 904 1485 5.
925 1452 1047 1483 Vivitur
1065 1463 1167 1494 parvo
1190 1453 1280 1486 bene.
1309 1456 1391 1485 Par-

825 1510 914 1538 vum,
933 1498 972 1530 de
1003 1510 1036 1530 re
1060 1501 1169 1537 tenui,
1197 1499 1237 1531 de
1261 1499 1390 1532 fortuna

825 1545 977 1576 mediocri
989 1546 1072 1576 recte
1088 1546 1216 1578 dicitur.
1237 1548 1315 1588 Quoe
1327 1546 1395 1576 vir-

826 1598 875 1622 tus
890 1599 921 1622 et
941 1599 1080 1633 quanta,
1106 1592 1209 1629 Boni,
1227 1593 1270 1624 sie
1286 1592 1394 1623 vivere

820 1648 939 1679 parvo,
953 1637 1035 1669 infra
1046 1661 1055 1676 ‚
1068 1640 1131 1671 Sat.
1146 1640 1197 1676 11,
1216 1649 1252 1678 2,
1271 1650 1299 1671 1.
1313 1640 1394 1670 Nos·

827 1692 912 1715 trum
927 1685 1080 1725 expressit
1098 1685 1260 1716 Claudian.
1279 1686 1314 1716 in
1327 1686 1393 1716 Ru-

829 1730 886 1762 fin.
900 1733 915 1761 1
929 1753 938 1769 ‚
958 1741 975 1761 2
985 1731 1023 1762 15
1035 1740 1043 1762 ε
1061 1731 1182 1762 Vivitur
1197 1730 1313 1774 exiguo
1327 1741 1392 1761 me-

830 1777 899 1809 Ilias.
923 1795 970 1802 -—
989 1776 1168 1808 Paternum
1185 1776 1339 1819 Splendet
1359 1776 1392 1807 in

830 1822 942 1855 mensd
959 1823 1047 1854 tenui
1059 1823 1197 1855 salinum
1213 1835 1224 1854 :
1240 1824 1346 1855 omnia
1358 1825 1393 1854 in

829 1871 987 1912 exquisito
1002 1869 1074 1900 loeo
1086 1877 1198 1901 notatu
1212 1870 1317 1911 digna.
1334 1872 1393 1900 Per

828 1915 987 1953 salfflm,
1018 1917 1180 1947 minimam
1211 1916 1392 1947 domesticae

829 1963 1031 2004 supellectilis
1073 1969 1193 2004 partem
1209 1985 1218 2002 ‚
1247 1963 1393 1993 universa

829 2009 972 2050 supellex
1008 2008 1178 2041 iudicatur.
1219 2011 1393 2040 Paternum

830 2055 938 2086 innuit
959 2055 1041 2086 nihil
1057 2055 1152 2086 rebus
1170 2055 1231 2086 sibi
1252 2065 1310 2096 per
1332 2054 1394 2084 hae-

831 2102 995 2132 reditatem
1015 2103 1200 2132 transmissis
1215 2101 1234 2132 ὲ
1251 2100 1394 2132 modesto

831 2149 1031 2179 immutatum
1049 2148 1143 2179 fuisse
1165 2147 1315 2186 domino,
1338 2147 1394 2187 qui

829 2201 960 2236 paterno
979 2194 1073 2226 etiam
1086 2194 1185 2227 salino
1206 2195 1254 2226 uti
1274 2199 1393 2236 pergat.
