1404 2482
499 127 578 158 LIB.
603 125 654 156 111
677 123 766 157 ODE
790 123 918 156 xxm.

1216 120 1227 131 ·’
1247 118 1313 150 333

203 188 263 225 Ne
280 197 432 237 semper
449 183 572 221 udum
587 181 728 229 Tibur,
747 190 787 219 et
805 180 946 218 AEsulae

259 246 418 286 Declive
433 243 719 296 comtempleris
737 255 895 290 arvum,
913 250 952 280 et

311 307 495 361 Telegoni
509 308 603 359 juga
620 305 836 358 parricidae.

208 369 460 409 Fastidiosam
474 369 608 408 desere
623 368 775 419 copiam
792 365 820 414 3,
838 376 877 405 et

206 434 349 471 Molem
366 433 624 484 propinquam
640 429 812 469 nubibus
831 427 984 474 arduis;
1286 442 1317 460 ιο

260 493 407 532 Omitte
422 492 555 531 mirari
573 491 698 530 beatae

313 557 476 593 Fumum
487 584 498 602 ‚
515 563 552 592 et
567 566 679 605 opes,
698 551 980 603 strepitumque
996 553 1141 591 Romae.

207 616 438 666 Plerumque
458 623 575 666 gratae
593 614 780 652 divitibus
797 613 901 651 vices
918 614 932 642 4
947 628 958 660 ;

207 676 440 728 Mundaeque
458 690 579 729 parvo
597 675 670 714 sub
686 676 764 713 lare
782 688 999 727 pauperum

260 741 388 777 Coenae
400 767 410 785 ,
428 738 510 776 sine
528 737 658 776 aulaeis
673 746 711 775 et
728 745 835 775 ostro
846 766 856 785 ‚
1288 743 1317 769 15

312 800 523 839 Sollicitam
540 799 760 850 explicuere
779 799 956 836 frontem.

207 862 294 900 lam
309 861 435 900 clarus
457 861 650 900 occultum
666 859 934 898 Andromedes
952 867 1062 910 pater

103 1008 150 1015 -—
166 989 292 1022 AEsuloe
319 989 441 1022 declive
466 1001 577 1021 arvum
593 1001 605 1021 :
634 993 685 1023 AE·

105 1037 175 1070 sula
187 1044 236 1068 est
251 1037 409 1080 oppidum
420 1038 458 1068 in
474 1037 573 1068 latere
591 1049 686 1069 mon-

106 1086 146 1116 tis
161 1085 356 1116 collocatum
365 1107 375 1124 ,
390 1085 506 1116 Tiburi
526 1086 683 1117 vicinum.

105 1149 153 1156 —
166 1132 219 1163 Ne
236 1132 362 1174 semper
376 1132 603 1174 contempleris
615 1144 627 1163 .·
643 1143 684 1163 ne

111 1179 173 1211 tihi
194 1179 270 1210 satis
292 1180 334 1212 sit
357 1179 375 1210 ὀ
395 1179 481 1210 celso
502 1179 612 1221 palatii
636 1181 686 1211 tui

110 1227 336 1269 fastigio,loca
362 1226 523 1258 undarum
541 1234 574 1258 et
593 1227 686 1258 arbo-

111 1284 186 1305 rum
220 1274 340 1317 frigore
371 1275 584 1305 amoenissima
615 1286 692 1305 con-

113 1321 282 1363 templati,
318 1331 355 1352 ea
398 1319 534 1363 propius
569 1322 690 1360 invise;

113 1369 206 1407 veni,
215 1380 329 1408 eorum
338 1369 462 1400 deliciis
473 1368 601 1400 tandem
613 1369 691 1400 frui-

114 1423 216 1448 turus.
239 1434 288 1441 —
306 1416 462 1459 Telegoni
481 1416 565 1459 juga
586 1417 694 1458 parri-

96 1463 198 1506 ,cidoe
212 1474 223 1494 :
246 1464 427 1495 Tusculum
447 1464 615 1505 intelligit,
634 1464 690 1495 ho-

113 1509 166 1542 die
183 1511 347 1548 Frascati,
374 1510 393 1542 a
411 1511 575 1553 Telegono
598 1512 690 1554 Ulys-

111 1558 154 1589 εἰς
172 1565 204 1588 et
217 1559 326 1590 Circes
342 1557 413 1590 filio
430 1559 615 1598 conditum,
630 1560 688 1600 qui

111 1612 235 1647 patrem
245 1606 436 1648 imprudens
454 1605 585 1637 occidit.
605 1605 640 1637 F
638 1615 690 1636 ac-

113 1658 212 1694 taque
223 1652 382 1695 Tplegom‘
392 1652 511 1684 maenia
526 1652 614 1683 celsa
623 1663 691 1684 ma-

115 1710 176 1738 nu,·
191 1699 290 1746 ovid:
309 1701 393 1732 Fast.
410 1701 478 1739 111,
497 1711 554 1742 92·

162 1747 194 1779 3.
204 1746 417 1778 Fastidiosam
427 1748 537 1778 desere
546 1747 673 1788 copiam
683 1759 694 1778 :

113 1793 304 1825 obliviscere
329 1795 484 1836 tantisper
500 1794 687 1826 divitiarum

113 1840 243 1872 illarum
255 1841 372 1883 quibus
382 1841 503 1873 diffluis
513 1865 521 1879 ‚
531 1853 669 1883 quaeque
677 1866 685 1881 ‚

114 1894 248 1930 propter
283 1889 552 1920 consuetudinem
564 1911 573 1926 ,
610 1890 689 1920 viles

114 1934 175 1966 tibi
191 1941 225 1966 et
236 1935 407 1967 fastidiosae
431 1936 535 1967 videri
557 1936 690 1968 debent.

114 1999 164 2006 —
180 1983 302 2013 Molem
318 1982 536 2024 propinquam
559 1983 692 2014 nubibus

116 2029 246 2060 arduis:
259 2029 342 2060 aedes
356 2031 392 2061 in
417 2030 516 2061 altum
534 2030 614 2061 adeo
636 2042 692 2062 ex-

116 2083 270 2116 structas,
282 2083 320 2107 ut
336 2077 428 2108 turris
441 2077 692 2109 Maecenaeianoe

116 2133 238 2154 nomen
246 2125 440 2165 accepissent
450 2135 458 2162 ς
475 2126 603 2156 Sueton.
613 2127 691 2157 Ner.

739 988 781 1020 de
789 987 906 1032 sume‘e
919 996 952 1019 et
969 988 1010 1019 de
1019 988 1099 1020 boue
1113 1000 1125 1025 ‚·
1142 988 1174 1019 J.
1188 988 1220 1019 J.
1232 989 1312 1019 Rus·

739 1047 822 1068 saeus
834 1060 842 1076 ‚
862 1036 957 1067 Emil.
969 1036 1027 1068 lib.
1041 1038 1102 1076 IV,
1118 1037 1152 1067 in
1166 1034 1244 1068 fine.

789 1089 823 1121 4.
843 1084 1040 1125 Plerumque
1052 1091 1160 1127 gratoe
1174 1082 1322 1115 divitibus

739 1131 833 1162 vices
848 1142 860 1162 .·
891 1131 1055 1163 subaudit.
1079 1139 1164 1163 sunt.
1195 1131 1321 1163 Divites

739 1179 836 1217 enim,
845 1185 882 1209 ut
891 1179 1009 1210 coelum
1019 1179 1190 1220 solumque
1196 1185 1322 1210 mutare

746 1233 869 1265 amant,
892 1226 938 1256 sic
966 1226 1140 1268 aliquando
1165 1233 1197 1257 et
1218 1226 1322 1267 ipsam

745 1274 893 1312 vivendi,
906 1273 1076 1315 epulandi,
1092 1272 1324 1305 confabulandi

744 1320 946 1364 disciplinam
959 1344 968 1360 ‚
983 1328 1021 1352 ut
1042 1322 1192 1352 alacriori
1206 1320 1324 1352 deinde

745 1369 863 1400 affectu
886 1368 926 1399 ad
945 1369 1076 1399 usitatas
1092 1369 1275 1411 voluptates
1291 1375 1324 1400 et

743 1415 873 1447 delicias
903 1415 1048 1448 redeant.
1061 1434 1108 1440 -
1124 1416 1326 1458 Mundaeque

737 1474 921 1505 pauperum
932 1474 1032 1495 coence
1042 1475 1054 1494 .·
1063 1474 1242 1505 pauperum
1256 1465 1326 1505 qui-

743 1511 834 1549 dem,
864 1511 899 1541 id
923 1518 971 1542 est
999 1511 1158 1542 mediocri
1191 1510 1324 1542 fortuna

741 1560 903 1590 utentium
913 1581 922 1598 ,
941 1569 1014 1600 quae
1024 1582 1033 1598 ‚
1051 1570 1125 1590 cum
1137 1559 1325 1601 principum
1340 1578 1347 1587 .

744 1605 863 1647 opibus
908 1614 1090 1646 comparata
1102 1627 1112 1642 ,
1148 1605 1326 1647 pauperies

744 1651 893 1683 habenda
907 1658 968 1690 est,
993 1662 1053 1683 nec
1075 1652 1182 1683 tamen
1197 1651 1326 1683 mundi-

747 1699 823 1730 tiem
834 1699 992 1730 excludit.
1006 1716 1054 1724 -
1068 1699 1145 1730 Sine
1161 1699 1275 1731 aulaeis
1293 1707 1326 1731 et

748 1755 834 1778 ostro
857 1758 866 1776 .·
887 1747 1018 1785 aulaea,
1042 1748 1183 1789 pretiosa
1217 1754 1324 1778 tento-

742 1796 790 1825 ria
808 1805 907 1835 super
933 1805 1058 1825 mensas
1082 1795 1124 1826 ad
1145 1794 1324 1825 arcendum

742 1841 910 1883 pulverem
918 1841 1214 1883 suspendebantur3
1224 1849 1322 1879 ostro,

742 1888 777 1919 id
794 1885 1032 1930 est'purpureis
1051 1889 1230 1931 tapetibus,
1246 1896 1325 1920 ster-

745 1936 907 1967 nebantur
924 1937 1000 1968 lecti
1013 1937 1215 1968 tricliniares.
1227 1935 1239 1979 (
1251 1936 1327 1967 Gal-

743 1983 824 2021 lice,
842 1994 885 2013 un
919 1984 993 2015 dais
1023 1992 1056 2015 ec
1081 1984 1139 2014 des
1171 1982 1257 2024 lapis
1284 1983 1326 2014 de

739 2030 918 2073 pourpre.)
940 2032 1113 2072 Strataque
1140 2031 1237 2072 super
1258 2029 1324 2061 dis-

745 2078 906 2108 cumbitur
914 2086 998 2109 ostro
1007 2091 1020 2116 ;
1036 2079 1128 2120 Virg.
1143 2077 1272 2109 AEneid.
1288 2079 1323 2116 1,

749 2135 826 2164 700.
853 2143 901 2149 ψ-
926 2125 1109 2156 Sollicitam
1141 2125 1326 2166 explicuere

116 2181 146 2202 c.
173 2170 291 2201 38.—
308 2173 423 2202 Beatae
452 2173 591 2202 Romoe:
612 2183 693 2214 opu·
735 2172 884 2215 frontem
908 2183 920 2202 :
948 2173 1059 2204 laetitia
1087 2173 1204 2203 frontis
1230 2182 1326 2214 rugas

114 2217 227 2255 lentae,
244 2216 435 2260 magnificae.
465 2236 512 2242 ——
527 2220 662 2250 anum
678 2230 690 2249 .-
730 2236 733 2237 ’
747 2219 916 2261 explicat,
932 2221 1061 2250 tristitia
1079 2219 1252 2252 contrahit.

115 2263 242 2303 Adina,
268 2264 381 2302 Paris,
407 2264 490 2296 ville
516 2265 557 2296 de
587 2265 687 2303 bruit,

796 2267 827 2298 5,
846 2266 923 2297 Jc'zm
946 2267 1054 2299 clarus
1075 2266 1234 2299 occultum
1257 2268 1327 2298 An·
