1456 2508
450 135 528 168 Lm.
553 134 588 165 11
611 134 699 166 ODE
722 133 833 166 xvn.

1195 132 1262 163 205

148 193 343 234 Maturior
360 192 419 231 vis
440 199 468 240 ²,
485 193 580 244 quid
597 204 730 229 moror
749 191 884 238 altera,

203 259 286 295 Nec
305 267 418 294 carus
437 255 562 304 aeque,
581 266 653 291 nec
673 261 867 303 superstes

256 315 434 367 Integer?
450 315 520 352 Ille
539 313 619 351 dies
636 321 840 363 utramque

152 379 278 416 Ducet
297 377 461 414 ruinam.
481 377 568 413 Non
588 387 660 424 ego
679 373 870 424 perfidum

152 439 246 477 Dixi
264 446 543 476 sacramentum
561 450 570 472 ε
589 434 750 481 ibimus,
771 433 930 480 ibimus,
1229 453 1259 469 ιο

202 501 424 549 Utcumque
446 497 640 548 praecedes
657 495 686 543 3,
706 508 930 546 supremum

258 563 427 611 Carpere
445 560 519 597 iter
537 559 695 596 comites
715 557 852 608 parati.

151 625 216 661 Me
236 635 306 660 nec
327 621 526 660 Chimaerae
551 619 708 671 spiritus
728 619 849 669 igneae
865 618 893 665 4,

151 687 251 730 Nec,
267 684 299 721 si
319 689 493 732 resurgat
506 711 516 729 ‚
533 681 770 718 centimanus
791 683 938 730 Gyges,

205 744 372 782 DiveUet
392 745 562 793 unquam
581 755 589 777 :
613 741 666 779 sic
686 741 833 793 potenti
1229 752 1260 777 15

258 809 281 844 J
283 805 422 844 ustitiae
437 804 697 855 placitumque
710 802 849 840 Parcis.

150 870 226 907 seu
244 865 365 905 Libra
380 865 409 914 ⁵,
427 879 495 903 seu
512 877 572 902 me
592 863 774 915 Scorpius
795 861 930 914 aspicit

94 1011 128 1032 2.
161 998 324 1032 Maemior
350 997 404 1030 vis
426 1009 438 1029 .·
468 999 515 1030 vis
546 997 627 1029 lethi

44 1058 133 1092 (με,
140 1057 276 1089 quoquo
287 1053 431 1089 tempore
448 1045 626 1084 incumbat,

45 1094 172 1138 onuphr
182 1101 375 1136 praematura
386 1093 548 1124 videbitur
561 1104 628 1123 om·

47 1142 144 1174 wihus
153 1142 318 1180 Romanis,
331 1148 362 1172 et
375 1140 455 1171 mihi
466 1140 624 1182 inprimis,

47 1190 107 1232 qni
122 1187 184 1220 tibi
197 1195 357 1230 superstes
372 1199 438 1218 esse
452 1198 627 1219 recuso.—

49 1235 139 1279 Quid
158 1245 268 1266 moror
292 1235 427 1266 altera?
444 1234 524 1277 quid
546 1246 623 1277 ego,

46 1285 139 1324 cujus
151 1282 282 1314 dimidia
294 1281 419 1314 tantum
430 1282 544 1312 animae
553 1293 625 1323 pars

48 1337 160 1370 restat,
182 1329 295 1361 amissa
323 1337 354 1360 te
381 1329 496 1368 altera,
517 1340 627 1360 moror

48 1377 99 1408 his
111 1379 148 1409 in
158 1378 269 1415 terris,
283 1375 359 1407 cum
373 1387 434 1407 nec
448 1377 528 1406 mihi
545 1375 622 1416 jam,

49 1424 144 1466 oequ&
167 1434 204 1455 ac
231 1423 323 1454 antea
344 1423 424 1454 mihi
447 1424 509 1464 ipsi
532 1434 625 1454 carus

48 1472 196 1502 victurus
217 1472 293 1508 sim,
316 1470 469 1508 mutilus,
492 1470 623 1501 orbatus

49 1516 87 1549 eti
100 1516 164 1549 mei
177 1524 266 1560 parte
276 1540 285 1555 ‚
300 1517 433 1558 propter
447 1527 544 1558 quam
559 1519 624 1548 vita

50 1564 131 1596 mihi
147 1565 184 1595 in
203 1564 324 1596 deliciis
339 1571 416 1595 erat.
437 1566 488 1596 Sic
506 1566 625 1596 Statius

50 1610 92 1642 de
101 1612 204 1643 Metio
214 1634 224 1650 ,
233 1612 311 1642 mox
318 1612 510 1652 navigaturo
523 1621 531 1643 :
548 1611 622 1642 ani-

53 1669 116 1690 Μ
129 1666 256 1700 partem
281 1657 374 1699 ,τυρὸν
395 1669 526 1699 oequora
554 1670 623 1689 nos-

47 1713 110 1747 ptoe
132 1704 291 1747 Majorem
319 1704 621 1746 cranss'erreparat;

47 1751 126 1786 silv.
143 1753 212 1791 111,
226 1762 245 1783 α
258 1775 268 1791 ,
288 1762 318 1791 7.

97 1799 130 1831 3.
158 1799 298 1838 Ibimus,
319 1797 432 1830 ibimus
454 1806 623 1842 utcumque

43 1845 210 1888 proeoedes
225 1857 236 1878 .-
257 1845 528 1889 quandocumque
542 1858 623 1889 prae-

48 1892 158 1932 cedes,
169 1893 236 1924 sive
252 1900 342 1924 aetate
353 1916 362 1931 ,
373 1893 439 1924 sive
454 1901 540 1924 sorte
553 1905 622 1925 cor-

48 1946 170 1982 ruptus.
186 1939 424 1972 Adfirmiorem
435 1942 623 1973 sacramenti

48 1985 148 2018 fidem
179 1987 336 2030 geminata
369 1997 452 2027 vox,
487 1988 615 2026 ibimus,

47 2033 173 2067 ibimus.

95 2087 129 2119 4.
148 2082 220 2113 Nec
237 2080 405 2115 Chimaeroe
421 2081 549 2123 spiritus
576 2082 621 2125 ig-

47 2139 119 2160 nea·
135 2139 147 2159 .·
169 2128 210 2160 de
226 2129 402 2167 Chimaers,
419 2129 493 2159 vide
504 2130 619 2171 supra,

49 2175 112 2208 Od.
130 2177 147 2206 1
160 2198 170 2215 ,
193 2186 234 2216 27
247 2199 257 2214 ‚
276 2182 330 2213 24.
346 2193 393 2201 --
410 2175 621 2207 centimanus

50 2222 158 2265 Gyges
180 2233 192 2252 .·
217 2233 304 2254 unus
325 2223 343 2254 ὲ
361 2223 528 2254 Titanibus
563 2225 620 2265 qui

47 2269 196 2301 Fulmine
224 2269 356 2312 dejecti,
375 2271 466 2313 Virg.
491 2270 616 2302 AEneid.

210 2337 240 2372 1.

679 998 747 1036 VI,
781 996 843 1027 581
859 1018 868 1034 ,
904 996 993 1027 undo
1023 998 1200 1030 volvuntur
1226 1000 1259 1032 in

681 1041 758 1075 ἰιήο.
785 1043 900 1081 Unde,
925 1043 954 1074 si
980 1054 1143 1088 resurgat,
1171 1059 1259 1087 non,

680 1092 707 1121 si
723 1091 762 1121 ad
778 1092 876 1121 vitam
889 1091 1015 1130 redeat;
1029 1092 1159 1133 verum,
1176 1096 1202 1125 si
1221 1108 1262 1127 ex

679 1139 746 1169 imo
771 1139 914 1169 Tartarei
942 1138 1085 1170 barathri
1110 1141 1180 1173 solo
1209 1145 1263 1175 cui

680 1183 768 1215 fixus
807 1184 967 1225 adhaeret,
1001 1187 1095 1218 Jovis
1134 1189 1259 1229 favore,

680 1239 836 1274 emergat,
873 1232 912 1262 ad
948 1232 1195 1275 stabulandum‚
1224 1246 1262 1269 ut

679 1280 826 1311 Briareus
840 1278 953 1322 (Virg.
963 1280 1038 1312 Ioco
1057 1283 1166 1322 citato,
1177 1295 1259 1318 vers.

682 1327 745 1366 287
760 1327 792 1370 ),
809 1328 844 1357 in
862 1327 932 1368 ipso
957 1328 1138 1361 inferorum
1163 1334 1260 1363 vesti-

678 1373 778 1413 bulo3
811 1385 918 1415 neque
951 1382 1132 1407 monstrum
1159 1378 1258 1419 illud,

679 1429 810 1452 centum
840 1428 999 1453 armatum
1021 1423 1190 1464 manibus,
1207 1438 1259 1458 ne-

677 1480 741 1510 que
756 1468 913 1499 Chimaera
927 1468 1069 1500 flammas
1082 1472 1206 1512 spirans
1225 1485 1260 1506 ac

677 1526 846 1553 evomens,
867 1526 918 1546 me
939 1515 957 1546 a
979 1523 1010 1546 te
1023 1517 1163 1550 divellet.
1181 1522 1258 1553 Nou

678 1563 855 1593 obstabunt
880 1563 960 1603 quin
986 1564 1128 1596 infernas
1150 1567 1256 1608 sedes,

678 1609 737 1640 tibi
751 1612 785 1640 in
801 1616 996 1651 perpetuum
1007 1621 1126 1650 comes,
1134 1613 1255 1648 adeam.

675 1656 1057 1698 -SicpotentiJusu'tiae
1064 1682 1074 1696 ‚
1083 1660 1258 1700 placitum-

675 1716 736 1746 que
763 1703 877 1735 Parcis
910 1715 921 1734 :
954 1704 1117 1746 duplicem
1150 1709 1256 1742 reddit

675 1752 835 1793 propositi
857 1752 908 1782 sui
925 1753 1085 1785 rationem
1100 1764 1109 1786 :
1127 1756 1257 1789 Justitia

675 1799 710 1829 id
731 1800 837 1840 poscit
851 1799 985 1840 propter
1003 1809 1131 1842 accepta
1147 1801 1165 1832 εὶ
1179 1805 1256 1836 Mae-

675 1853 786 1877 cenate
799 1845 957 1877 beneficia
966 1857 975 1885 ;
987 1849 1094 1879 Parcae
1103 1859 1255 1891 poscunt,

676 1892 752 1935 quia
777 1895 938 1925 Maecenas
964 1901 995 1925 et
1016 1897 1169 1929 Horatius
1192 1900 1254 1930 sub

675 1940 788 1971 eodem
814 1940 918 1971 sidere
942 1942 1010 1972 nati
1036 1951 1143 1983 erant,
1164 1946 1253 1988 quod

675 1994 722 2020 est
733 1987 800 2028 jhm
817 1988 1020 2022 evoluturus.

723 2036 754 2067 5.
772 2036 835 2067 Seu
848 2035 967 2066 Libra:
981 2036 1043 2067 sub
1059 2038 1256 2079 quibuscun-

674 2093 737 2124 que
763 2082 910 2120 tandem‚
926 2082 992 2114 tarn
1018 2084 1128 2116 faustis
1156 2087 1254 2128 quzim

673 2129 839 2169 infaustis,
864 2129 1023 2161 sideribus
1058 2142 1117 2173 ego
1156 2141 1252 2165 natus

673 2188 764 2214 sum,
779 2175 916 2208 mirifice
940 2177 994 2207 illa
1013 2188 1089 2208 cum
1110 2179 1168 2218 iis,
1187 2181 1249 2212 suh

673 2224 793 2265 quibus
806 2232 842 2255 tu
859 2231 954 2255 natus
969 2235 1013 2263 es,
1024 2228 1233 2259 consentiunt
1244 2239 1261 2266 ,⁵

674 2277 811 2313 uterquc
843 2271 948 2311 enim,
979 2270 1046 2312 jaim
1084 2274 1183 2305 semel
1213 2286 1254 2310 ex

1085 2339 1128 2376 18
