1456 2508
501 120 581 152 Lm.
606 119 656 150 111
679 118 768 151 ODE
792 118 888 151 XIII.
1239 126 1308 158 279

247 180 384 221 Rubro
401 178 586 230 sanguine
604 177 709 215 rivos

300 239 454 280 Lascivi
472 238 625 277 soboles
643 237 780 288 gregis.

195 306 250 342 Te
268 300 469 354 flagrantis
482 310 595 339 atrox
610 299 709 337 hora
725 297 919 337 Caniculae
938 295 952 318 3

193 363 325 403 Nescit
339 372 518 413 tangere3
533 370 574 399 tu
588 361 709 411 frigus
730 358 895 397 amabile
1276 374 1308 390 ιο

250 423 374 463 Fessis
393 435 551 461 vomere
570 420 693 460 tauris

303 484 456 523 Praebes
472 514 482 532 ,
504 491 542 521 et
557 482 690 535 pecori
709 494 820 534 vago,

197 548 282 586 Fies
301 543 491 586 nobilium
511 554 553 583 tu
571 558 728 597 quoque
745 544 911 582 fontium
935 544 961 590 ἕ,

196 611 262 646 Me
276 607 432 646 dicente
452 606 556 644 cavis
575 605 797 657 impositam
817 604 943 642 ilicem

250 670 375 717 Saxis,
390 669 492 707 unde
512 670 692 719 loquaces

1283 677 1313 702 15

304 729 490 781 Lymphae
510 729 694 767 desiliunt
716 735 805 766 tuae.

92 868 194 893 tuum.
206 879 254 889 --
267 862 394 894 Lascivi
405 862 530 893 soboles
540 862 652 905 gregis
661 873 674 892 .·
718 860 868 904 fontium

92 905 224 950 lascivi,
239 917 278 941 ut
293 909 410 952 passim
429 909 469 939 de
491 909 608 946 hircis,
633 909 673 940 de

91 954 194 986 haedis
215 964 247 989 et
262 957 402 999 capellis.
427 956 610 988 Florentem
629 955 673 987 ci-

93 1009 200 1042 tysum
220 1003 364 1046 sequitur
385 1003 505 1035 lasciva
519 1003 650 1046 capella
660 1015 674 1041 ;

93 1050 186 1092 Virg.
201 1051 271 1083 Ecl.
285 1052 334 1090 11,
347 1051 405 1088 64.

144 1097 176 1128 3.
198 1100 244 1130 Te
255 1097 441 1143 flagrantis
465 1105 563 1129 atrox
592 1096 675 1128 hora

97 1142 265 1177 Canifitlae
284 1156 297 1176 .·
321 1156 395 1187 pars
421 1146 498 1176 anui
532 1145 674 1183 torrida,

94 1189 160 1232 quii
184 1191 304 1230 Canis,
323 1193 392 1223 sive
412 1191 529 1228 Sirius,
551 1193 672 1230 oritur,

94 1237 131 1268 in
153 1235 221 1271 fine
246 1240 364 1271 mensis
386 1239 478 1271 sulii.
497 1240 588 1270 Hora
616 1250 676 1280 pro

95 1282 162 1315 unzi
172 1286 190 1317 ὲ
198 1293 339 1328 quatuor
348 1287 423 1317 anni
432 1285 677 1327 tempestatibus

97 1331 275 1375 accipitur3
308 1333 542 1375 Septembribus
569 1332 672 1370 horis,

97 1377 174 1411 infr.
197 1382 300 1422 Epist.
316 1382 350 1419 1,
371 1380 411 1411 16
424 1403 434 1419 ,
454 1391 506 1420 17.
527 1381 679 1422 Spectan-

97 1423 197 1466 quue
226 1424 319 1458 mord
351 1426 514 1458 brumales
538 1427 679 1470 porrigis

99 1469 215 1511 horas;
238 1473 336 1506 Ovid.
357 1475 490 1506 Metam.
514 1477 574 1512 IV,
603 1485 679 1515 199.

98 1535 147 1542 —
158 1520 273 1551 Nescit
285 1529 421 1564 tangere
433 1532 444 1552 .·
458 1522 592 1563 propter
606 1521 681 1553 den-

99 1565 240 1599 sissimus
267 1567 420 1599 arborum
442 1579 545 1599 ramos
563 1569 684 1610 quibus

100 1612 179 1654 ripae
194 1620 260 1646 tnae
280 1616 413 1646 cousitae
429 1623 525 1655 sunt,
546 1627 683 1658 quaeque

100 1659 177 1691 solia
191 1661 277 1693 ictus
290 1661 308 1693 a
322 1669 353 1693 te
371 1663 564 1694 excludunt.

149 1713 181 1744 4.
211 1707 286 1740 Fies
318 1708 470 1741 nobilium
500 1717 534 1740 tu
556 1720 683 1751 quoque

898 871 910 891 .·
937 859 1080 891 subaud.
1106 870 1189 890 unus
1198 871 1212 896 ,·
1236 858 1315 889 allu-

729 908 778 939 dit
793 908 836 939 ad
850 908 956 939 fontes
972 906 1045 937 illos
1060 914 1232 949 poetarum
1250 916 1316 936 car-

728 957 816 986 mine
837 955 1028 987 nobilitatos
1038 977 1047 993 ,
1061 954 1292 996 Hippocrenen
1303 975 1313 990 ‚

729 1002 851 1033 Dircen
860 1027 870 1040 ,
889 1000 1086 1033 Arethusam
1099 1025 1108 1040 ‚
1129 1011 1189 1033 etc.
1203 1017 1250 1024 —-
1260 1001 1317 1031 Me

729 1050 858 1081 dicente
879 1060 891 1080 .·
921 1047 1000 1079 dum
1021 1060 1080 1092 ego
1108 1055 1140 1080 te
1168 1048 1313 1086 celebro,

730 1104 763 1128 et
785 1107 821 1128 ea
842 1096 1082 1127 immortalibus
1097 1096 1245 1127 versibus
1269 1096 1318 1126 iu-

731 1144 806 1175 dico
817 1167 825 1181 ‚
837 1144 959 1185 quibus
969 1144 1090 1184 posteri
1105 1149 1135 1174 te
1149 1141 1316 1184 quondam

730 1192 888 1229 invisuri,
914 1190 932 1221 a
960 1191 1083 1221 caeteris
1113 1190 1259 1221 fontibus
1286 1196 1318 1219 te

730 1249 895 1269 secernere
921 1245 954 1268 et
977 1248 1151 1280 agnoscere
1173 1243 1315 1279 queant,

732 1286 859 1322 ilicem,
878 1297 910 1317 v.
935 1296 965 1328 g.
989 1286 1025 1315 iu
1049 1291 1247 1326 perpetuum
1272 1294 1320 1314 re»

731 1332 984 1375 pullulaturum,
1000 1343 1072 1373 quae
1096 1331 1190 1363 saxis
1213 1332 1319 1362 immi-

732 1387 787 1411 net
806 1379 909 1416 cavis,
926 1380 963 1410 in
979 1380 1064 1410 antri
1082 1379 1216 1411 formam
1229 1389 1320 1409 exca-

733 1427 970 1458 vatis—Unde
985 1427 1138 1468 loquaces
1148 1425 1304 1466 Lympha·
1313 1437 1324 1457 .-

736 1481 774 1505 nt
795 1474 893 1506 Ovid.
911 1475 994 1506 Fast.
1019 1476 1072 1511 11,
1092 1474 1181 1505 316:
1200 1473 1321 1504 Garru-

737 1522 787 1552 lus
812 1521 846 1551 in
866 1521 973 1563 primo
993 1521 1107 1552 limine
1130 1520 1214 1551 rivus
1235 1527 1318 1552 erat.
1335 1544 1338 1554 .

738 1570 790 1600 Sic
799 1570 891 1611 Virg.
905 1569 1035 1600 arbores
1046 1567 1142 1599 etiam
1158 1577 1194 1598 ac
1206 1574 1322 1598 ventos

737 1616 891 1657 loquaces
922 1616 1018 1654 facit3
1031 1622 1247 1658 argutumque
1262 1625 1319 1645 ne-

737 1673 823 1700 mus,
830 1663 995 1706 pinosque
1005 1663 1174 1706 loquentes
1182 1674 1197 1701 ;
1206 1662 1316 1704 Eclog.

736 1711 835 1750 VIII,
848 1721 902 1743 22.
