1456 2508
210 136 274 167 156

1121 0 1150 7 ..Α
1170 0 1399 30 lfjsssz'ffifflfflw(
1418 0 1456 22 q

1243 28 1258 38 '⁸
1318 35 1328 45 ι
1350 42 1352 46 v

600 137 641 178 Q.
667 136 850 169 nomem
872 133 1022 168 FLAccl

208 265 1403 280 ⁸0muzmnstsmsmmmnsmmsmwmmwwnuw

537 441 699 497 ODE
745 435 1077 513 QUARTA

412 582 496 643 AD
530 597 859 642 XANTHIAM
892 596 1199 640 PHOCEUM.

213 749 289 781 Non
316 758 382 778 esse
405 757 461 777 cur
481 745 658 781 erubescat,
687 744 774 785 quod
803 743 969 783 Phyllida,
998 743 1155 774 ancillam
1175 743 1238 774 sive
1263 755 1399 781 servam,

259 808 367 838 amet,·
393 799 544 840 exempla
571 805 664 828 notae
685 798 853 828 multorum
877 797 1008 827 heroum
1033 797 1088 838 qui
1103 807 1260 828 servarum
1276 808 1403 828 suarum

259 867 368 887 amore
383 853 483 885 illecti
502 861 584 884 sunt.
605 852 727 892 Phyllis
746 852 896 889 aliunde,
916 851 1081 893 praeclaris
1095 851 1194 882 animi
1214 852 1263 882 sui
1277 853 1403 895 afficti-

259 911 314 941 bus
323 933 333 947 ,
349 917 541 952 generosam
560 914 693 937 testatur
707 905 873 947 originem.
899 907 984 936 Eam
1007 906 1142 936 laudare
1158 905 1232 935 licet
1248 905 1397 941 Horatio,

259 964 332 1006 qui,
351 962 435 994 ultrc'z
452 960 624 1005 juventutis
627 959 714 1003 fines
722 968 906 1000 provectus,
925 954 1077 990 sedatiori
1093 960 1183 990 oculo
1197 959 1334 991 mulieris
1352 971 1403 990 cu·

255 1017 386 1060 juslibec
392 1014 662 1059 pulchritudinem
681 1014 820 1044 intuetur
835 1021 866 1044 et
880 1013 1044 1055 dzjjudicac.

315 1127 377 1163 Nn
396 1125 443 1162 sit
463 1123 606 1161 ancillae
630 1131 639 1145 ¹
659 1122 728 1160 tibi
745 1135 850 1159 amor
867 1121 1026 1172 pudori,

318 1185 487 1224 Xanthia
505 1185 673 1221 Phoceu!
689 1182 793 1233 prius
804 1212 814 1231 ‚
833 1183 1054 1220 insolentem

320 1250 439 1285 Serva
456 1245 594 1284 Briseis
613 1243 725 1282 niveo
745 1243 871 1280 colore

557 1304 681 1341 Movit
697 1303 900 1350 Achillem3

322 1366 446 1404 Movit
465 1365 617 1416 Ajacem
637 1364 839 1401 Telamone
858 1372 988 1399 natum
1392 1370 1405 1394 ⁵

321 1429 459 1464 Forma
478 1423 635 1475 captivae
655 1431 668 1445 ²
687 1423 881 1460 dominum
899 1425 1125 1466 Tecmessam
1380 1425 1385 1428 “

327 1484 430 1523 Arsit
449 1484 600 1522 Atrides
619 1482 745 1520 medio
765 1483 804 1518 in
823 1481 1016 1530 triumpho

560 1542 716 1593 Virgine
738 1544 845 1592 rapta
862 1557 870 1578 ε

272 1688 300 1708 1.
325 1678 376 1707 Ne
402 1676 443 1707 sit
466 1675 597 1707 ancilla:
619 1687 631 1706 .·
651 1677 787 1708 Romani

222 1724 438 1764 comtemptim
460 1721 679 1753 ancillan'olos
697 1733 787 1753 voca-

221 1770 300 1800 bant
315 1780 368 1800 eos
383 1771 440 1810 qui
455 1769 520 1800 tam
538 1769 705 1806 humilem,
723 1769 786 1798 uim

221 1815 381 1847 sordidam
394 1818 551 1847 Venerem
572 1815 786 1845 sectabantur.

219 1861 303 1894 vide
326 1862 464 1892 Martial.
498 1863 579 1899 XII,
608 1862 669 1898 58,
697 1871 723 1891 1.
743 1878 788 1884 —

220 1907 313 1939 Prius
327 1918 338 1938 :
356 1908 427 1938 ante
444 1915 491 1946 te;
508 1918 576 1937 non
593 1914 639 1936 est
653 1908 787 1948 jungen-

221 1953 299 1985 dum
326 1952 361 1984 τὸ
390 1953 478 1995 ρι’ἱῐις
501 1953 600 1983 verbo
626 1954 786 1993 sequenti,

223 2000 423 2032 insolentem.
439 2017 485 2023 ——-
505 2000 700 2030 [molentem
723 2010 789 2028 mo-

222 2047 264 2079 vic
276 2057 287 2076 :
302 2044 454 2076 hactenns
474 2051 689 2087 arrogantem,
712 2045 790 2075 fero-

223 2094 419 2132 cem,cujus
448 2092 595 2132 superbia
623 2091 663 2121 ad
693 2101 790 2121 servae

223 2138 371 2170 Briseidis
415 2148 554 2168 amorem
596 2136 787 2167 descendere

223 2195 292 2215 non
318 2184 483 2226 dedignata
514 2190 575 2222 est3
605 2183 684 2213 male
709 2193 789 2213 nou-

224 2230 327 2270 nulli‚
362 2230 571 2269 insolentem,
599 2239 656 2271 per
683 2230 789 2260 insue-

840 1683 908 1706 tum
920 1697 928 1713 ,
944 1675 1058 1706 amoris
1077 1675 1235 1712 nescium,
1254 1676 1406 1715 interpre-

840 1729 957 1752 tantur.
985 1721 1069 1752 Ante
1094 1720 1178 1750 enim
1199 1722 1303 1759 Trojae
1321 1721 1405 1751 obsi·

841 1768 983 1806 dionem,
998 1766 1136 1798 Achilles
1149 1766 1342 1797 Deidamiam
1357 1766 1405 1796 ad-

840 1821 1006 1844 amaverat.

888 1870 919 1890 2.
948 1859 1087 1900 Captiva·
1113 1857 1279 1889 dominum
1295 1867 1306 1886 :
1329 1863 1403 1887 nota

840 1907 1086 1946 oppositionem.
1123 1922 1169 1928 -
1210 1904 1381 1933 Tecmessoe
1394 1913 1406 1932 :

841 1955 1004 1983 'l'ecmessa
1017 1974 1024 1988 ,
1036 1949 1128 1990 juxta
1145 1949 1292 1990 Sophocl.
1310 1949 1404 1987 Ajax,

845 1999 884 2028 33
896 2009 906 2027 1
921 2021 929 2035 ,
947 1997 1141 2027 Telemamis
1154 1995 1220 2026 filia
1230 2018 1238 2033 ,
1255 1995 1336 2036 regis
1351 2004 1408 2024 cu-

840 2043 964 2083 jusdam
980 2043 1128 2084 Phrygii,
1150 2043 1184 2072 in
1205 2040 1407 2082 expeditione

844 2097 932 2132 capta
959 2089 998 2119 ab
1026 2090 1134 2127 Ajace.
1164 2105 1209 2111 —
1241 2086 1348 2117 Medio
1373 2085 1406 2115 in

843 2134 996 2175 triumpho
1006 2146 1015 2164 :
1026 2134 1167 2176 quamvis
1177 2132 1328 2173 triumphi
1337 2141 1409 2173 gau·

843 2182 896 2212 dio
906 2192 993 2211 mens
1000 2182 1067 2219 ejus
1077 2187 1142 2211 tota
1153 2179 1277 2221 impleri
1286 2178 1409 2208 debuis-

844 2236 900 2260 set.
917 2245 963 2251 —-
980 2226 1111 2269 Virgine
1134 2223 1229 2270 raped
1243 2235 1254 2255 :
1280 2223 1318 2255 de
1336 2223 1409 2255 Cas·
