1456 2508
523 133 601 166 LlB.
625 135 643 165 1
665 134 762 167 ODEv
777 133 870 165 XVI.
1252 139 1267 167 7
1273 140 1294 171 9

171 194 358 242 ,Mentem
375 191 619 230 sacerdotum
636 191 762 229 incola
776 191 952 242 Pythius,

238 255 328 290 Non
346 251 466 290 Liber
483 254 612 306 aeque,
630 265 710 290 non
727 262 840 291 acuta

293 311 356 352 Sic
375 313 568 365 geminant
585 312 824 363 Corybantes
843 326 936 361 aera,

187 374 331 412 Tristes
346 383 390 412 ut
407 374 476 411 irae
492 371 508 398 3
529 389 538 411 ε
558 386 652 424 quas
672 387 798 424 neque
816 375 982 413 Noricus

187 435 368 472 Deterret
387 434 505 481 ensis,
524 447 595 471 nec
613 446 718 471 mare
735 435 984 485 naufragum,
1260 452 1291 468 ιο

240 495 324 534 Nec
342 507 466 533 saevus
483 494 600 545 ignis,
618 507 690 532 nec
708 494 907 533 tremendo

291 556 445 608 Jupiter
460 556 544 607 ipse
562 569 678 594 ruens
701 556 880 594 tumultu.

187 620 326 656 Fertur
343 617 594 656 Prometheus
612 617 641 665 4,
657 613 800 655 ‘addere
819 617 985 669 principi

186 678 296 716 Limo
313 686 468 717 coactus
487 679 716 730 particulam
735 679 908 729 undique

238 742 458 786 Desectam,
480 749 518 777 et
537 740 661 778 insani
680 741 802 778 leonis
1260 752 1289 777 ι5

233 845 237 848 ,
290 802 380 840 Vim
398 801 596 840 stomacho
615 802 838 853 apposuisse
856 811 1001 840 nostro.

78 952 152 983 tuit.
178 953 223 983 Ea
245 959 352 983 antem
377 962 480 990 sacra,
497 962 572 983 cum
600 952 656 982 tri—

78 998 204 1040 pudiis,
217 998 416 1030 discursibus
429 1000 515 1030 inter
527 1006 654 1040 tympa-

76 1055 216 1084 norum,
243 1046 466 1088 cymbalorum
490 1046 656 1077 tibiarum-

77 1103 142 1135 que
163 1103 279 1131 sonos,
303 1093 424 1135 quibus
449 1094 485 1124 in
513 1093 655 1123 furorem

77 1147 248 1182 agerentur
276 1139 474 1179 sacerdotes,
499 1140 654 1171 celebrari

75 1187 181 1220 solita.
198 1205 244 1212 -
257 1187 375 1228 Adytis
383 1200 397 1225 ;
416 1199 482 1219 vox
503 1187 520 1219 ὲ
549 1198 654 1230 graeco

76 1235 243 1274 translata,
267 1231 390 1274 ἄδυτα,
420 1235 459 1265 ab
491 1233 512 1265 ἀ
537 1236 653 1276 privat.

76 1288 109 1312 et
139 1278 224 1321 δύω,
251 1282 365 1314 subeo.
397 1282 510 1322 Adyta
534 1283 653 1323 igitur,

75 1339 150 1371 pars
177 1329 289 1372 templi
314 1330 451 1361 interior
475 1330 510 1360 in
535 1339 652 1370 quam,

73 1382 190 1418 praeter
206 1376 426 1408 sacerdotibus
436 1400 445 1415 ,
462 1377 586 1408 nemini
606 1376 652 1406 fas

40 1418 41 1421 ¹
74 1424 195 1456 intrare
217 1431 295 1456 erat.
312 1422 359 1448 —'-
372 1426 517 1456 Mentem
544 1434 651 1454 sacer-

74 1470 185 1502 dotum
199 1471 310 1503 incola
322 1471 457 1512 Pstlu'us
471 1483 483 1502 .·
495 1471 633 1513 Pythius
641 1493 650 1508 ‚

75 1518 197 1560 Apollo
227 1519 422 1561 Delphicus,
454 1518 472 1550 a
503 1518 652 1560 Pythone

76 1573 223 1608 serpente
236 1567 342 1598 occiso
355 1566 399 1597 sic
415 1566 530 1598 dictus·
543 1584 591 1589 -—
602 1567 653 1595 In-

76 1612 168 1650 cola,
186 1614 312 1656 vulgari
329 1613 515 1656 ethiguobili
537 1624 651 1651 sensu,

76 1660 132 1701 qui
141 1660 285 1702 Delphos
293 1661 468 1700 inhabitat;
483 1660 586 1691 multo
598 1671 651 1691 su-

81 1706 224 1739 blimiori
235 1731 245 1746 ,
261 1710 320 1750 qui
332 1709 432 1749 ipsam
451 1707 654 1739 sacerdotum

75 1761 216 1786 mentem
250 1755 421 1786 inhabitat.
453 1754 553 1797 Quod
579 1755 652 1796 qui-

75 1799 150 1832 dem
172 1812 240 1832 non
264 1801 372 1833 minus
397 1801 567 1843 magnifice
594 1813 650 1832 ex·

74 1850 190 1890 pressit
203 1850 294 1891 Virg.
309 1849 434 1881 AEneid.
450 1851 498 1881 VI
509 1872 518 1888 ,
540 1859 595 1888 77,
611 1848 651 1879 de

75 1894 199 1938 sibylla
213 1906 222 1928 :
237 1907 392 1939 magnum
407 1896 437 1927 si
442 1904 574 1938 pectore
577 1907 652 1937 pos-

76 1942 119 1973 sie
133 1943 320 1974 Excussisse
330 1943 436 1974 deum.
451 1944 540 1975 Audi
555 1945 650 1988 etiam

74 1991 244 2022 Rnasaeum
262 1997 448 2022 nostrorum
470 1991 649 2033 lyricorum

74 2035 167 2067 facile
194 2038 374 2079 principem
402 2047 410 2069 :
441 2039 490 2068 Ou
517 2039 562 2069 tel
588 2049 650 2080 que

74 2082 256 2125 d’ApolIon
283 2084 314 2116 le
340 2084 481 2116 ministre
503 2085 646 2128 terrible‚

74 2130 254 2172 Impatient
262 2131 306 2171 du
318 2131 392 2162 dieu
405 2132 483 2163 dont
495 2133 525 2163 Ie
536 2132 650 2176 souffle

75 2175 243 2210 ἰηνὶιιείόΙε
258 2179 356 2222 Agite
370 2186 438 2209 tous
450 2190 498 2210 ses
513 2190 650 2211 sens.—

73 2223 171 2257 Liber
191 2236 204 2256 .·
233 2226 391 2264 Bacchus,
423 2227 515 2266 cnjus
541 2223 646 2266 sacra,

73 2272 162 2314 mgia
195 2272 280 2304 dieta
310 2273 351 2304 ab
384 2271 483 2317 ὀργή,
523 2284 648 2305 summo

709 962 840 993 quoque
868 962 944 982 cum
965 952 1077 984 furore
1098 953 1288 995 agebantur.

708 1017 756 1022 -—
777 1000 855 1030 Non
879 997 926 1029 sic
949 1009 960 1029 :
988 1010 1057 1030 non
1083 999 1170 1031 tanta
1192 1003 1289 1044 agita-

710 1047 798 1077 tione
830 1046 971 1085 turbidi,
1002 1047 1219 1090 Corybantes,
1250 1048 1290 1079 de

710 1093 830 1135 quibus
842 1092 939 1134 supra
951 1117 959 1132 ‚
980 1104 1059 1124 aerea
1076 1094 1224 1137 cymbala
1239 1107 1288 1127 re-

708 1141 817 1182 petitis
834 1141 952 1171 ictibus
966 1142 1129 1182 quatiunt.

757 1188 789 1219 3.
809 1187 927 1219 Tristes
951 1195 987 1218 ue
1011 1188 1084 1226 irae,
1104 1199 1215 1228 saevas,
1235 1200 1289 1222 ve-

707 1235 883 1267 hementes.
901 1253 949 1259 --
965 1237 1054 1277 Quas
1071 1247 1175 1279 neque
1190 1237 1288 1268 Nori-

708 1294 763 1313 cus
774 1283 914 1314 deterret
930 1283 1038 1320 ensis;
1055 1283 1102 1314 ira
1117 1283 1202 1315 enim
1213 1295 1288 1326 per-

709 1332 811 1369 citus,
842 1329 882 1360 ad
910 1330 973 1361 sibi
1010 1330 1283 1369 satisfaciendum,

704 1378 794 1409 nulla
815 1377 1006 1409 reformidat
1019 1379 1174 1419 pericula.
1189 1380 1287 1411 Nori-

706 1436 760 1456 cos
774 1435 865 1456 enses
879 1425 976 1462 dicit,
996 1436 1074 1466 pro,
1093 1437 1183 1456 enses
1200 1437 1287 1467 prae-

704 1473 932 1510 stantissim053
951 1472 967 1502 ὲ
982 1471 1130 1511 Noricia‚
1149 1473 1287 1504 Germa-

704 1522 768 1551 niae
791 1517 979 1561 provincia,
1004 1519 1120 1558 hodie,
1145 1520 1284 1557 I'Iscrie‚

707 1568 741 1598 Ia
769 1566 951 1604 Cm’ndzie,
977 1566 1135 1607 l’IIlyrie,
1166 1567 1287 1598 ferrum

707 1614 867 1656 optimum
890 1613 1131 1645 extrahebatur.
1154 1630 1202 1638 -—-
1216 1616 1287 1646 Nec

706 1662 873 1692 tremendo
889 1660 1016 1703 Jupiter
1036 1660 1103 1703 ipse
1123 1672 1218 1692 ruens
1236 1670 1286 1693 tu-

706 1709 807 1740 multu
822 1720 834 1739 :
854 1708 1041 1750 magnifice,
1059 1719 1120 1751 pro
1132 1732 1140 1747 ,
1157 1710 1287 1751 Jupiter

707 1763 822 1787 tonans
835 1763 867 1787 et
880 1757 1010 1787 mittens
1028 1756 1180 1795 fulmina3
1193 1757 1285 1797 juxta

705 1805 858 1834 usitatum
885 1803 970 1845 apud
995 1810 1106 1845 poetas
1126 1803 1285 1845 loquendi

704 1862 825 1894 genus,
856 1861 923 1892 qno
947 1852 1078 1892 Jupiter
1101 1851 1137 1882 in
1164 1857 1283 1882 terram

705 1909 780 1928 cum
794 1898 917 1936 imbre,
934 1909 1009 1928 cum
1032 1899 1124 1936 nive,
1140 1908 1215 1929 cum
1233 1905 1284 1929 to-

703 1947 794 1976 nitru
812 1952 844 1975 et
868 1945 1003 1976 fulmine
1022 1944 1214 1976 descendere
1225 1969 1233 1984 ,
1250 1953 1283 1976 et

703 1993 844 2035 poetice,
857 2003 948 2023 ruere
960 1992 1138 2023 dicebatur.

749 2046 780 2076 4.
806 2041 921 2070 Fertur
941 2038 1149 2070 Prometheus
1169 2050 1182 2070 .·
1204 2041 1281 2071 Pro-

703 2086 867 2125 metheus,
886 2087 994 2128 Japeti
1014 2085 1118 2123 filius,
1143 2093 1175 2117 et
1190 2093 1281 2128 pater

702 2134 919 2165 Deucalionis.
951 2134 1080 2164 Dicitur
1100 2134 1178 2164 Jovi
1206 2145 1282 2175 ope·

701 2191 771 2211 ram
785 2180 916 2212 nai-iisse
933 2182 970 2211 iu
987 2180 1165 2211 formandis
1179 2181 1196 2212 ὲ
1207 2181 1280 2212 luto

702 2228 908 2266 mortalibus,
924 2234 956 2258 et
972 2227 1011 2258 ad
1025 2227 1087 2258 hoc
1105 2238 1190 2268 opus
1202 2238 1278 2269 pro·

701 2275 813 2307 lusisse
830 2274 1005 2307 formandis
1016 2274 1217 2314 animalibus,
1227 2274 1280 2306 ad-
