1456 2508
188 128 232 164 94
576 125 616 164 Q.
643 122 826 155 HORATn
849 122 995 156 FLAcm

293 183 367 218 Vos
386 183 528 231 Tempe
545 180 559 204 3
575 181 732 218 totidem
747 181 866 220 tollite
880 181 1076 230 laudibus,

290 241 556 290 Natalemque‚
576 254 716 288 mares,
735 243 857 280 Delon
873 243 1058 294 Apollinis
1349 260 1378 276 10

369 302 633 351 Insignemque
649 302 828 352 pharetra

447 363 703 412 Fraternaque
723 363 924 399 humerum
941 362 1034 411 lyra.

292 421 363 458 Hic
380 420 521 457 bellum
539 421 791 471 lacrymosum
807 422 835 470 4,
853 422 916 459 hic
932 422 1107 460 miseram
1121 421 1255 459 famem

293 483 514 531 Pestemque
534 483 555 518 ὲ
570 482 732 532 populo,
748 482 919 533 principe
933 484 1096 530 Caesare,
1115 482 1153 519 in

370 544 500 579 Persas
518 552 631 592 atque
651 543 850 580 Britannos
1347 551 1375 576 ¹⁵

449 605 585 640 Vestra
604 611 728 641 motus
745 611 829 653 aget
847 615 970 654 prece.

190 734 310 766 auxilio
323 756 331 772 ‚
372 733 585 775 Bellerophon
627 734 756 765 occidit.

237 782 267 812 3.
286 783 349 811 Vos
366 782 482 822 Tempe
494 798 540 803 -—-
552 781 758 821 natalemque

190 827 296 858 Delon
312 839 324 858 .·
341 834 476 868 uterque
498 827 591 858 locus
613 827 759 868 Apollini

188 873 324 905 dilectus
334 897 342 912 ‚
362 874 448 915 quod
474 875 510 904 in
536 875 642 915 priore
653 896 662 911 ,
686 879 759 914 post

189 921 390 951 interfectum
419 920 565 961 Pythona
581 943 589 958 ,
605 930 670 950 sese
699 919 758 950 rite

189 968 388 1008 expiaverat,
403 968 438 997 in
453 967 550 997 altero
565 967 667 997 lucem
682 966 755 996 hau-

189 1021 281 1045 serat.
295 1031 342 1038 —
357 1011 515 1045 Fraternd
532 1011 604 1053 Iyrd
617 1024 628 1043 .·
643 1012 759 1042 abactis

190 1059 350 1101 Apollinis
362 1060 501 1090 bovibus
511 1083 519 1098 ‚
533 1058 628 1100 supra
641 1059 693 1090 od.
708 1061 755 1096 X,

189 1107 371 1138 Mercurius
390 1106 500 1144 frater,
522 1107 594 1147 qui,
614 1105 685 1136 loco
702 1105 754 1135 cit.

189 1152 268 1192 lyrae
278 1164 400 1194 parens
415 1153 541 1190 dicitur,
551 1152 653 1194 lyram
667 1162 754 1182 suam

191 1199 278 1232 fratri
291 1200 471 1232 donaverat.

858 739 889 770 4.
911 732 968 763 Hic
995 732 1111 763 bellum
1137 733 1349 773 lacrymosum
1364 746 1375 764 .-

809 779 1010 810 habebantur
1029 779 1148 820 Apollo
1164 786 1195 810 et
1210 781 1312 811 Diana
1327 781 1377 811 in-

810 832 858 856 ter
882 828 966 857 Deos
991 832 1164 856 servatores
1189 826 1297 865 urbis,
1321 827 1376 857 sed

810 872 928 913 Apollo
949 872 1128 913 praecipue,
1147 871 1232 902 idem
1254 883 1289 903 ac
1303 873 1375 911 Sol,

810 918 827 948 a
849 920 940 957 cujus
958 918 1079 948 lumine
1095 925 1126 949 et
1144 919 1246 950 calore
1260 919 1378 960 pendet

811 965 944 995 salubris
973 965 1051 995 aeris
1076 967 1258 1007 temperies,
1289 976 1377 1007 agro-

810 1022 882 1041 rum
896 1011 1053 1049 fertilitas,
1066 1013 1180 1042 sanitas
1193 1022 1375 1053 corporum.

809 1075 856 1081 --
871 1059 986 1087 Persas
999 1064 1095 1098 atque
1115 1058 1288 1089 Britannos
1297 1069 1309 1089 .·
1322 1069 1377 1100 po-

808 1104 902 1145 pulos
938 1105 1048 1134 Romae
1077 1105 1310 1144 infestissimos,
1345 1111 1377 1135 et

807 1148 953 1181 nondhm
965 1150 1171 1191 perdomitos.

535 1651 1047 1673 -ψ--ὒῶμ
