1456 2508
457 151 533 183 LIB.
559 151 575 181 1
599 151 688 183 ODE
711 153 869 184 xxxlv.

1219 162 1284 193 129

163 213 254 259 Quo
273 212 370 261 Styx
389 218 427 248 et
442 210 558 249 invisi
577 210 739 249 horrida
753 213 869 250 Taena
877 211 909 249 ri
1252 229 1284 245 10

214 271 355 318 Sedes,
377 273 656 324 Atlanteusque
683 272 774 311 finis

268 333 510 372 Concutitur.
529 333 640 372 Valet
658 334 735 372 ima
756 335 914 373 summis

164 397 338 443 Mutare,
361 403 399 433 et
419 394 606 446 insignem
627 404 801 434 attenuat
819 398 924 434 Deus
943 394 970 443 ⁵,
1009 438 1014 442 ,

164 455 343 494 Obscura
362 468 555 507 promens.
583 454 682 494 Hinc
701 457 850 508 apicem
868 471 989 509 rapax
1008 457 1024 479 ⁶

215 518 387 554 Fortuna
403 529 489 554 cum
510 516 674 555 stridore
693 527 807 555 acuto
1253 528 1282 552 ις

266 577 447 625 Sustulit3
467 575 531 615 hic
546 579 720 630 posuisse
740 579 894 631 gaudet.
984 581 988 584 ’

53 713 185 745 expers,
198 700 296 731 deum
311 705 476 730 tonantem
504 699 637 729 sensisse

53 745 192 782 videtur.
212 749 284 789 Quo
297 745 445 777 maxima
460 753 547 776 motu
564 747 638 776 Ter-

53 807 91 827 ra
112 796 236 832 tremit,
253 796 347 836 Virg.
367 794 485 835 Georg.
504 794 538 830 Ι,
558 793 636 834 329.

51 860 100 868 —-
111 845 217 884 Styx:
230 841 352 873 fluvius
370 840 422 871 vel
446 840 538 881 palus
559 840 638 870 infe-

52 901 175 923 rorum.
195 889 375 924 Potentiam
391 887 484 918 Jovis
504 885 543 917 ad
565 887 638 918 Plu-

51 939 137 970 tonis
151 947 248 981 regna
262 941 484 979 penetrantem
502 933 636 965 indicat.

52 1003 98 1010 —-
112 983 246 1017 Taenari
259 983 349 1014 sedes
362 993 373 1013 .·
387 983 542 1013 Taenarus
551 1004 560 1020 ‚
571 983 638 1012 Tae-

52 1033 142 1071 nari,
156 1033 224 1063 sive
237 1034 370 1064 Taenara
381 1052 389 1068 ,
405 1031 635 1066 Taenarorum3

53 1086 102 1111 est
127 1078 388 1122 promontorium
420 1075 568 1107 Laconiae
601 1076 636 1107 in

51 1124 263 1169 Peloponeso.
291 1119 358 1157 Ibi'
371 1129 501 1155 autrum
523 1123 638 1164 ingens

52 1173 284 1206 ostendebatur
293 1196 303 1212 ‚
316 1182 374 1215 per
382 1169 471 1212 quod
484 1170 637 1201 Hercules

49 1220 90 1252 ab
105 1221 216 1253 inferis
231 1220 378 1257 rediisse,
395 1217 638 1259 Cerberumque

50 1269 196 1301 vinctum
216 1268 258 1300 ad
280 1275 413 1309 superos
438 1265 570 1295 traxisse
589 1263 637 1294 di-

49 1315 182 1347 uebatur
199 1323 318 1357 :atque
343 1313 399 1344 has
422 1322 488 1343 esse
514 1311 634 1343 infero-

50 1373 123 1394 rum
142 1363 250 1395 fauces
264 1361 364 1403 vulgo
378 1358 552 1400 jactabant
573 1360 636 1388 Ita-

18 1404 19 1407 *
49 1420 114 1452 que
129 1421 189 1452 pro
204 1411 281 1453 ipsis
293 1408 404 1440 inferis
417 1416 453 1437 ea
462 1417 528 1437 vox
542 1416 636 1436 usur-

49 1463 146 1498 patur
162 1456 181 1488 a
198 1457 313 1500 poefis.
334 1456 430 1487 Nunc
451 1453 492 1484 ab
511 1452 635 1494 indige-

13 1502 19 1506 ’
36 1504 100 1534 vnis
127 1512 279 1542 vocatur,
306 1503 395 1543 Capo
434 1500 562 1531 Maina.
590 1518 636 1523 —

49 1551 312 1595 Atlantetcsfinis
339 1561 351 1580 :
380 1554 502 1579 veteres
522 1547 634 1578 orbem

49 1608 118 1629 non
131 1598 284 1640 protendi
297 1598 337 1629 ad
346 1594 555 1629 Occidentem
565 1618 573 1633 ‚
590 1595 636 1625 ul-

49 1643 99 1676 tr&
139 1647 307 1678 Oceanum
342 1643 543 1676 Atlanticum
555 1665 564 1680 ‚
594 1641 634 1673 de

26 1702 116 1733 ‚quo
130 1692 227 1735 supra
249 1693 303 1725 od.
317 1692 432 1724 XXXI
443 1713 452 1728 ,
471 1690 632 1720 existima-

50 1737 140 1770 bant.

741 699 772 731 5.
794 700 902 731 Deus:
921 710 957 730 ea
977 710 1042 730 vox
1058 699 1143 731 clare
1164 699 1259 732 docet
1276 724 1285 739 ,

690 747 799 788 inquit
815 747 1012 786 Juvencins,
1029 748 1201 779 Horatium
1226 747 1280 779 hic

691 795 859 836 Epicureis
879 804 948 825 non
965 793 1071 826 favere
1082 818 1090 834 ‚
1110 795 1169 837 qui
1184 794 1281 826 deum

691 841 852 883 negabant
870 840 910 872 de
933 841 1030 873 rebus
1047 842 1197 873 humanis
1213 853 1281 874 esse

690 888 1094 931 sollicitum.-Insignem
1113 896 1261 921 attenuat
1269 902 1281 921 :

691 935 828 974 Sanado,
849 943 978 967 auctore
995 937 1216 979 Cuniugham,
1239 937 1282 968 le-

690 985 736 1026 git
750 982 894 1025 insignia
904 995 916 1020 ‚·
929 994 1002 1025 quae
1012 995 1077 1015 vox
1086 1007 1095 1023 ‚
1112 983 1279 1015 fatendum

690 1037 756 1069 est,
783 1041 858 1061 cum
882 1029 954 1069 illa,
979 1031 1136 1070 obscura,
1164 1030 1279 1063 melius

691 1078 861 1120 congruit;
879 1077 935 1108 sed
950 1089 989 1110 ne
1001 1085 1110 1110 textus
1123 1085 1279 1117 mutetur,

691 1127 782 1157 MSS.
808 1135 1002 1166 consensus,
1020 1127 1178 1169 metrique
1193 1126 1278 1169 leges

691 1173 810 1214 pariter
825 1179 945 1204 vetant.

739 1220 771 1252 6.
788 1222 909 1260 Rapaae
923 1231 935 1251 :
949 1221 1103 1252 convenit
1118 1231 1193 1252 cum
1210 1232 1280 1253 ver-

691 1266 735 1298 bo
746 1291 755 1306 ‚
771 1266 906 1299 sustulit.
921 1267 1116 1309 —Apt'cem
1138 1279 1149 1299 .·
1165 1279 1278 1311 supre-

691 1325 762 1346 mos
781 1315 939 1353 honores,
960 1321 992 1346 et
1010 1315 1170 1357 quidquid
1190 1317 1279 1348 inter

690 1361 830 1393 humana
846 1363 976 1394 eminet.
989 1380 1037 1386 -—
1049 1363 1128 1395 Cum
1143 1363 1278 1395 stridore

690 1417 784 1440 acuto
800 1421 811 1440 .-
827 1410 980 1452 praeelara
997 1410 1104 1453 imago
1120 1410 1188 1442 deae
1201 1421 1278 1442 cum

689 1458 814 1499 impetu
833 1457 1011 1488 advolantis
1029 1465 1061 1489 et
1078 1458 1201 1490 alarum
1217 1459 1281 1501 agi!

690 1506 810 1535 tatione
837 1515 965 1546 gravem
987 1504 1158 1536 stridorem
1183 1505 1277 1537 eden-

689 1552 728 1582 tis
744 1554 750 1583 Ξ
769 1551 804 1582 Si
816 1552 936 1582 celeres
950 1551 1056 1593 quatit
1061 1563 1212 1594 pennas
1228 1554 1277 1584 in-

688 1599 751 1638 sra,
771 1601 841 1637 ΙΙΙ,
862 1610 925 1640 29,
946 1599 1001 1630 53.
1012 1599 1154 1637 —Hic‚
1172 1610 1276 1642 oppo-

688 1647 778 1677 nitur
797 1648 842 1690 τῷ
867 1645 964 1677 hinc:
979 1645 1056 1679 hinc
1080 1647 1204 1686 aufert,
1221 1647 1274 1678 hie

690 1695 805 1735 ponit,
820 1693 855 1724 id
875 1701 939 1732 est,
961 1695 1101 1737 imponit
1120 1705 1273 1734 coronas,

691 1742 803 1780 tiaras,
815 1740 1005 1774 diademata.
