1456 2508
201 101 266 132 260

590 102 631 140 Q.
656 98 839 130 nonATn
862 99 1011 131 FLAcm

302 160 382 197 Nan
386 167 442 195 rat
461 157 566 208 paene
583 157 711 194 datum
726 157 835 194 Pelea
854 159 1037 204 Tartaro,
1067 143 1082 151 ¹*

303 221 539 268 Magnessam
557 218 789 268 Hippolyten
806 216 896 255 dum
918 217 1014 267 fugit
1030 215 1240 264 abstinens3

354 281 402 316 Et
420 291 576 328 peccare
596 277 771 315 docentes

406 339 535 374 Fallax
553 337 728 374 historias
747 345 885 374 movet.
1133 365 1140 372 .
1353 354 1382 370 20

304 401 459 437 Frustrn
477 396 491 420 ⁵
512 411 519 434 :
539 398 625 433 niim
641 396 804 446 scopulis
823 395 975 432 surdior
992 394 1091 433 Icari

303 459 424 496 Voces
445 456 549 494 audit
568 456 692 493 adhuc
711 456 866 505 integer.
887 458 956 502 At,
975 454 1045 492 tibi

354 521 412 557 Ne
430 519 575 555 vicinus
590 516 754 566 Enipeus

408 578 494 614 Plus
506 577 609 627 justo
628 577 794 625 placeat,
808 586 899 611 cave
913 589 923 620 ;

305 635 487 686 Quamvis
504 649 579 673 non
601 636 694 673 alius
713 635 862 672 flectere
879 645 1019 684 equum
1034 633 1152 672 sciens
1166 662 1175 680 ,
1351 644 1380 667 35

305 698 425 748 AEque
445 696 676 746 conspicitur
697 695 863 745 gramine
882 694 1023 732 Martio
1045 693 1072 741 ⁶,

355 760 435 796 Nec
453 757 651 807 quisquam
669 757 764 792 citus
778 755 884 804 aeque

408 818 533 854 Tusco
553 815 704 852 denatat
726 814 844 851 alveo.

305 876 432 914 Prima
448 883 558 912 nocte
577 874 731 911 domum
749 872 880 910 claude
898 880 924 918 7,
943 885 1066 922 neque
1083 873 1122 909 in
1139 873 1217 910 vias

307 935 388 974 Sub
406 944 519 973 cantu
538 934 705 984 queiulae
724 933 874 982 despice
893 900 1017 979 tibiae3
1349 942 1379 966 3„

359 998 406 1034 Et
425 1003 462 1033 te
479 995 577 1045 saepe
594 995 744 1031 vocanti

409 1056 554 1092 Duram
565 1082 575 1101 ‚
595 1053 756 1091 difficilis
774 1066 893 1090 mane.

201 1173 274 1204 dare
290 1173 432 1203 tentavit.
455 1171 543 1202 Idem
565 1170 702 1211 denique
719 1181 767 1200 re-

200 1220 322 1260 peritur
347 1219 382 1249 in
405 1219 500 1248 sacris
529 1217 713 1254 codicibus,
729 1216 768 1246 de

200 1265 341 1306 sosepho
355 1272 386 1295 et
401 1264 565 1304 Putiphari
577 1273 688 1293 uxore.
703 1263 768 1293 No-

202 1319 272 1342 tum
286 1310 364 1352 quid
378 1310 507 1340 foemina
518 1308 643 1350 repulsit
662 1308 769 1338 furens

201 1357 325 1388 audeat.
346 1355 427 1388 Gilm
443 1354 543 1397 igitur
560 1356 631 1386 vilis
646 1354 700 1384 ille
720 1355 770 1383 in-

205 1404 400 1441 ternuntius,
426 1402 542 1443 Gygen
580 1399 770 1441 pelliciendo

202 1459 387 1491 permovere
404 1459 472 1479 non
489 1447 657 1489 potuisset,
671 1453 771 1476 muta-

204 1496 234 1526 tzi
256 1494 371 1536 agendi
395 1502 426 1525 et
454 1493 608 1535 loquendi
630 1492 770 1531 ratione,

207 1541 355 1573 terrendo
369 1539 496 1571 efficere
512 1539 634 1576 studet;
651 1545 687 1568 ut
700 1549 771 1568 euru

204 1589 317 1619 doceat
329 1586 425 1628 quem
437 1586 572 1629 graviter
581 1586 678 1626 spreti
689 1595 773 1614 amo-

205 1637 247 1665 ris
268 1635 418 1674 injuriam
438 1633 584 1663 muheres
598 1631 708 1661 ulcisci
721 1641 771 1660 so-

205 1682 349 1711 leant.-——
362 1679 492 1715 Fallax,
507 1678 538 1708 id
561 1684 607 1708 est
614 1675 770 1718 perfidus,

206 1727 366 1757 seductor.
380 1742 427 1749 -—
440 1727 563 1761 Movet,
577 1724 669 1754 effert
681 1734 772 1764 ,pro-

209 1773 298 1804 ducit
311 1772 458 1802 historias
467 1770 506 1801 ad
514 1781 581 1801 rem
591 1780 678 1800 suam
686 1780 773 1810 spec-

207 1826 324 1856 tantes,
337 1828 409 1858 quae
426 1827 562 1859 peccare
587 1816 700 1857 Gygen
716 1815 772 1845 do-

209 1872 312 1902 ceant,
323 1864 415 1895 illum
430 1863 482 1894 vel
496 1863 720 1899 reluctantem,
734 1861 774 1892 ad

210 1911 353 1943 oblatum
371 1910 563 1941 adulterium
578 1908 746 1939 attrahant.

258 1958 288 1988 5.
320 1956 448 1987 Frustra
466 1966 477 1985 .-
503 1954 623 1996 optime
650 1953 689 1983 ad
715 1954 775 1984 iui-

211 2006 289 2035 tium
299 2013 407 2034 versus
419 2001 561 2041 rejicitur
573 2000 758 2030 adverbium
766 2022 774 2038 ,

210 2061 275 2091 quo
286 2050 423 2080 Asteries
432 2049 527 2079 timor
534 2043 680 2088 protinus
691 2046 778 2077 seda-

212 2103 275 2128 tur.
285 2113 332 2119 —
348 2094 490 2136 Scopulis
521 2093 646 2124 surdior
668 2090 775 2123 lcarz:

213 2143 303 2173 Icarii
323 2142 438 2180 maris3
465 2139 654 2172 subauditur
667 2135 775 2170 sahs-

214 2190 379 2221 tautivum.
381 2186 543 2219 —Adlticc
556 2186 703 2229 integer:
718 2186 777 2216 tibi

820 1170 942 1210 semper
963 1169 1115 1207 devotus,
1135 1180 1194 1201 nec
1215 1172 1382 1212 precibus,

820 1225 879 1245 nec
898 1217 992 1246 minis
1008 1215 1121 1247 Chloes
1133 1223 1248 1248 motus.

867 1262 899 1292 6.
917 1260 1071 1292 Gramine
1088 1262 1207 1293 Marcio
1220 1274 1231 1293 .-
1249 1264 1284 1294 in
1306 1274 1387 1294 eam—

821 1317 864 1348 po
879 1309 1006 1338 Martio.
1023 1309 1082 1338 Per
1093 1309 1238 1348 peritiam
1250 1310 1286 1339 in
1301 1320 1388 1352 gym-

822 1354 932 1385 naticis
948 1354 1238 1392 exercitationibus,
1250 1365 1388 1386 amorem

823 1399 884 1429 sibi
907 1400 996 1431 facile
1019 1400 1229 1432 conciliabant
1244 1402 1387 1440 juvenes.

823 1445 884 1475 Hic
891 1448 1008 1488 placet,
1021 1445 1163 1488 angustis
1177 1446 1266 1488 quod
1274 1458 1387 1488 equum

825 1492 993 1534 compescit
1015 1491 1166 1530 habenis,
1195 1493 1257 1523 Hic
1284 1493 1387 1534 placi-

825 1543 900 1573 dam
909 1539 997 1570 niveo
1007 1545 1138 1578 pectore
1152 1538 1247 1580 pellit
1257 1549 1386 1580 aquam.

824 1589 896 1619 Tib.
916 1588 932 1616 I
942 1608 951 1624 ‚
970 1590 1005 1622 4,
1025 1595 1040 1623 7
1051 1595 1077 1615 1·

875 1645 904 1672 7.
937 1633 1075 1661 Domum
1105 1630 1221 1660 claude
1246 1641 1258 1660 .·
1277 1627 1390 1672 Incipe

819 1679 891 1720 jc'cm
907 1675 1018 1720 primo‘z'
1041 1676 1190 1707 claudere
1221 1683 1311 1707 nocte
1330 1677 1388 1719 fh-

825 1736 910 1762 rem,
930 1723 1024 1756 ovid.
1045 1724 1156 1754 Amor.
1176 1723 1226 1760 11,
1249 1733 1306 1764 19,
1333 1724 1388 1754 38.

825 1790 870 1795 -
887 1770 1020 1811 Despice
1036 1780 1048 1799 .·
1069 1769 1152 1800 recte
1181 1768 1220 1799 de
1246 1769 1387 1807 Asterie,

825 1828 896 1859 quae
915 1817 932 1848 e
950 1815 1084 1847 fenestra
1096 1839 1104 1854 ,
1122 1815 1140 1845 ὲ
1160 1816 1322 1857 superiore
1334 1815 1390 1846 do-

825 1862 895 1894 mus
910 1869 997 1904 parte
1012 1867 1174 1893 canentem
1189 1868 1220 1892 et
1232 1862 1390 1903 suspiran-

826 1917 889 1940 tem
905 1919 1024 1939 amores
1041 1918 1115 1939 suos
1128 1908 1286 1948 Enipeum
1299 1904 1390 1938 vide-

828 1962 885 1987 ret.
898 1973 945 1979 -—
957 1956 1002 1985 Et
1020 1961 1050 1985 te
1073 1953 1157 1994 soepe}
1179 1952 1317 1984 vocanti
1337 1953 1390 1983 du-

829 2012 899 2032 ram
909 2013 920 2032 .-
929 2007 961 2032 et
975 2000 1117 2042 quamvis
1130 2001 1271 2041 repetitis
1279 2001 1392 2041 questi-

829 2047 890 2078 bus
911 2046 1126 2078 crudelitatem
1151 2052 1238 2078 tuam
1256 2046 1389 2077 incuset.

829 2111 875 2120 -—·
892 2092 1040 2136 Difficilis
1059 2103 1155 2123 mane
1173 2102 1185 2122 .·
1200 2090 1218 2122 ὲ
1241 2090 1295 2123 tusi
1318 2090 1390 2132 erg&

827 2141 918 2171 illum
935 2140 1098 2171 severitate
1110 2149 1151 2170 ne
1168 2138 1311 2176 absistam
1326 2137 1392 2180 Gy-

829 2187 875 2228 gis
893 2187 940 2217 tui
955 2187 995 2217 sis
1012 2195 1142 2217 memor.
