1456 2508
466 137 545 168 ΠΒ.
570 136 586 166 1
610 135 698 167 ODE
721 133 883 166 xxvm.

1224 128 1287 158 113

70 195 205 234 Aerias
225 203 390 234 tentasse
409 194 546 233 domos
563 203 592 241 ²,
608 193 814 244 animoque
833 189 1043 229 rotundum
1273 195 1287 218 ⁵

151 258 391 297 Percurrisse
406 258 558 309 polum,
574 255 777 293 morituro.

535 346 773 371 ARCff’YTAs
791 334 818 367 3.

74 414 228 453 Occidit
243 424 282 453 et
300 414 452 466 Pelopis
473 414 640 465 genitor,
660 411 823 451 conviva
842 409 1004 449 deorum
1016 437 1026 455 ‚

155 476 422 526 Tithonusque
442 482 613 512 remotus
628 473 669 511 in
689 485 800 510 auras
813 500 823 519 ,

78 539 125 575 Et
140 537 247 576 Jovis
267 537 415 576 arcanis
434 537 561 574 Minos
582 535 768 574 admissus
785 534 802 564 4
818 548 826 570 :
846 531 1069 582 habentque

155 601 316 637 Tartara
327 596 596 645 Panthoidem‚
613 597 754 634 iterum
770 597 874 633 Orco
1259 613 1288 628 to

79 737 120 758 ne
134 725 254 758 inferos
267 725 372 764 adeat,
381 736 422 756 ne
431 727 552 767 Stygen
563 730 663 755 trans-

78 774 194 805 mittat.
205 773 363 814 Insepulti
371 773 456 803 enim
470 771 662 802 arcebantur

81 820 124 851 ab
137 820 254 862 Elysiis
275 820 405 861 campis.
420 820 510 861 Virg.
526 818 584 850 lib.
600 819 659 871 VI'.

80 878 163 899 vers.
190 867 269 899 325.
294 869 500 899 Juvntc,—-
516 866 661 897 Pulverzs

81 913 194 957 exigui
209 924 314 956 parva
342 923 476 944 munera
497 923 508 943 :
533 913 658 954 pulvis,

80 962 226 994 debitum
242 961 375 1003 quidem
398 971 518 991 munus
536 967 568 990 et
588 958 661 990 offl—

79 1010 166 1041 cium
175 1031 184 1048 ‚
195 1009 252 1040 sed
264 1008 357 1040 svare
369 1008 465 1038 nimis
478 1017 659 1038 concessus.

82 1055 246 1088 Matinum
265 1055 352 1087 littus
370 1066 382 1084 .·
406 1055 524 1086 Matini
546 1054 663 1097 populi

82 1110 160 1134 sunt
179 1103 327 1146 Apuliae,
346 1103 381 1133 in
408 1102 559 1133 Lucaniae
586 1100 660 1132 fini-

83 1150 154 1182 hus.

133 1209 164 1230 α.
181 1196 300 1228 Aerias
314 1203 456 1228 tentasse
468 1195 581 1226 domos
591 1206 602 1225 :
616 1206 666 1225 res

83 1245 224 1283 celestes,
232 1244 444 1275 astronomica
453 1243 665 1285 phaenomena

82 1292 310 1334 exploravisse.
319 1290 442 1322 Eodem
451 1301 546 1321 sensu
553 1312 563 1328 ‚
572 1290 664 1332 Virg.

83 1341 157 1372 AEn.
173 1340 242 1378 111,
259 1339 302 1370 32
313 1360 323 1378 ,
347 1345 380 1370 et
401 1348 519 1368 causas
531 1336 664 1378 penitas

85 1393 208 1419 tentare
235 1386 390 1417 latentes.
407 1401 455 1409 —-
478 1383 634 1415 Mor-ituro
651 1395 662 1414 .-

85 1433 183 1476 quam
205 1433 343 1476 graviter
363 1443 424 1474 per
448 1432 532 1463 hanc
551 1442 666 1462 vocem

85 1480 239 1513 moricum
265 1479 472 1511 concluditur
495 1478 664 1520 periodus!

85 1530 208 1565 Notent
219 1528 353 1567 juvenes
367 1537 533 1557 musarum
545 1526 667 1557 alumni

86 1573 245 1619 quantum
262 1575 380 1606 inesset
402 1573 614 1612 discriminis,
639 1574 668 1603 si

86 1622 230 1654 eamdem
246 1632 359 1660 vocem
377 1621 436 1651 alia
455 1631 666 1662 quaecumque

84 1670 236 1713 phraseos
249 1679 322 1710 pars
334 1669 516 1710 accepisset.

136 1718 167 1749 3.
181 1715 343 1758 Archytas
355 1715 433 1746 hinc
451 1725 554 1756 usque
568 1714 609 1745 ad
628 1713 667 1745 fl-

87 1774 164 1796 uem
180 1763 341 1804 loquitur.
356 1779 404 1786 —-
417 1761 548 1803 Pelopis
572 1762 667 1805 geni-

89 1819 139 1842 tor
157 1821 168 1842 :
202 1809 355 1842 Tantalus
365 1832 375 1848 ,
403 1808 552 1851 Phrygiae
590 1820 649 1839 rex
659 1832 668 1847 ‚

89 1858 167 1900 qui,
184 1854 259 1897 cum
276 1858 363 1887 Deos
374 1857 410 1887 in
426 1857 517 1886 terris
532 1858 670 1898 peregri-

90 1911 203 1936 nantes
230 1903 370 1945 hospitio
406 1904 601 1944 excepisset,
632 1910 671 1934 ut

90 1958 179 1984 certo
205 1951 314 1993 aliquo
335 1957 522 1992 argumento
545 1951 671 1981 Divini-

90 2005 189 2030 tntem
205 2007 319 2029 eorum
333 1999 534 2039 experiretur
543 2020 554 2035 ,
566 1996 672 2028 filium

90 2056 187 2078 snum
200 2055 319 2076 caesum
331 2043 394 2075 illis
406 2043 602 2086 epulandum
618 2054 672 2086 ap-

90 2093 219 2136 posuit;
241 2091 457 2122 revocandum
480 2091 520 2121 ab
547 2091 610 2122 illis
631 2090 672 2122 ad

89 2140 189 2170 vitam
201 2149 270 2170 non
278 2137 444 2176 dubitans,
459 2139 486 2168 si
501 2137 547 2168 dii
556 2145 671 2170 essent.

90 2186 231 2219 Fen-alem
241 2195 345 2217 escam
361 2183 435 2216 cum
443 2186 550 2216 caeteri
561 2186 617 2216 Dii
626 2196 670 2216 re-

91 2233 268 2276 fugissent,
281 2233 349 2264 sola
357 2234 452 2264 Ceres
463 2233 591 2274 Pelopis
608 2232 670 2263 hu-

26 2303 43 2319 .
91 2290 216 2317 merum
222 2279 373 2312 dextmm
383 2279 672 2322 assumpsit.Qua1-e

715 724 846 765 Jupiter
873 719 948 752 cum
972 719 1123 763 Pelopem
1142 721 1182 752 ad
1197 722 1294 754 vitam

715 775 910 807 revocasset,
933 768 1105 799 humerum
1124 768 1172 799 illi
1196 769 1297 801 ebur—

715 829 811 849 neum
827 816 985 847 restituit:
1001 822 1125 857 patrem
1135 816 1213 853 vero
1230 824 1297 848 tan-

714 867 739 896 ti
764 865 891 896 sceleris
919 869 1083 893 auctorem
1111 862 1152 892 ad
1176 863 1296 896 inferos

713 912 867 947 detrusit,
883 910 942 940 ubi
954 909 1086 941 Eridani
1101 909 1194 941 fluvii
1206 913 1298 953 aquis

714 966 824 990 mento
849 955 943 988 tenus
965 958 1150 996 immersus,
1168 964 1199 988 et
1217 969 1298 1000 pen-

715 1006 867 1038 dentibus
882 1004 922 1035 ab
943 1003 1056 1035 arbore
1076 1006 1174 1046 capiti
1190 1006 1298 1038 immi-

715 1061 811 1086 nente
847 1053 951 1094 pomis
962 1075 970 1091 ‚
1003 1051 1159 1093 perpetua
1193 1060 1299 1086 tamen

717 1102 800 1132 fame
816 1111 853 1131 ac
874 1100 927 1131 siti
946 1099 1128 1138 cruciatur,
1151 1098 1298 1132 desiden-

719 1149 807 1180 tibus
831 1146 910 1178 dum
933 1147 1104 1178 admovere
1120 1146 1208 1178 labra
1231 1154 1301 1180 ten-

719 1203 783 1235 tat,
801 1195 911 1237 aquis;
925 1194 1031 1236 pomis
1048 1193 1186 1225 sublime
1197 1218 1205 1234 ‚
1221 1194 1301 1227 diun

718 1255 754 1274 ea
776 1249 900 1284 captat,
918 1241 1131 1273 avolantibus.
1154 1243 1298 1275 Juvsnc.

718 1290 995 1331 —Tltitonusque
1022 1297 1161 1320 remotus
1181 1289 1213 1320 in
1242 1302 1301 1322 au-

718 1350 771 1371 ras
791 1350 802 1368 :
830 1336 1055 1369 Laomedontis
1085 1338 1302 1377 Trojanorum

718 1386 802 1428 regis
833 1384 938 1423 filius,
976 1385 1162 1415 Memnonis
1188 1393 1280 1427 pater
1291 1409 1299 1425 ‚

718 1444 815 1475 quem
827 1433 955 1463 Aurora
966 1455 976 1471 ,
989 1432 1057 1470 ejus
1075 1441 1183 1463 amore
1199 1439 1301 1475 capta,

720 1481 846 1522 rapuit,
861 1489 1024 1520 curruque
1047 1478 1210 1510 sublatum
1224 1480 1302 1511 sub-

720 1528 810 1559 vexit
824 1528 861 1558 in
884 1525 1091 1568 AEthiopiam.
1111 1527 1207 1558 Senio
1229 1538 1305 1558 con-

721 1576 842 1613 fectus,
866 1580 941 1615 post
963 1573 1181 1615 longissimam
1207 1585 1305 1616 quam

719 1623 855 1664 petierat
879 1620 919 1651 ab
949 1619 1098 1659 AurorA,
1125 1622 1223 1652 vitam
1234 1645 1243 1660 ‚
1270 1623 1307 1654 in

722 1668 864 1700 cicadam
888 1667 1029 1709 denique
1050 1674 1192 1699 mutatus
1210 1667 1306 1711 fingi-

722 1723 776 1748 tur
799 1716 838 1747 ab
855 1715 943 1753 aliis,
960 1715 1000 1746 ab
1027 1714 1096 1745 aliis
1121 1715 1306 1748 extabuisse

723 1764 879 1795 diuturno
902 1763 992 1793 senio
1010 1761 1150 1802 dicitur,
1166 1769 1199 1794 et
1214 1763 1304 1795 velu-

723 1812 747 1841 ti
763 1811 871 1841 fumus
889 1810 1065 1841 evanuisse.
1080 1810 1213 1852 Duplici
1227 1813 1306 1853 ergo

723 1868 818 1889 sensu
848 1856 935 1887 recte
958 1856 1095 1899 intelligi
1118 1864 1224 1899 potest
1253 1858 1307 1889 Ti-

724 1904 856 1935 thomam
871 1912 1027 1935 remotum
1028 1902 1134 1945 fixisse
1144 1904 1178 1936 ἰη
1192 1916 1306 1943 αιιναες

724 1950 820 1994 longai
849 1953 936 1982 enim
964 1958 1057 1988 aetate
1083 1950 1192 1982 minus
1218 1963 1306 1983 mor-

725 2005 802 2029 tuus
819 2009 885 2029 esse
902 1998 1000 2040 quam
1018 1999 1185 2029 evanuisse
1202 1999 1309 2030 videri

725 2052 853 2086 poterat
867 2068 876 2084 ,
901 2052 938 2076 nt
956 2044 1063 2083 infra,
1086 2044 1155 2076 Ode
1178 2047 1230 2084 11,
1255 2046 1308 2086 16,

729 2094 771 2124 30
788 2102 797 2124 :
814 2092 914 2135 longa
933 2091 1106 2123 Tithonum
1125 2092 1246 2124 minuit
1260 2104 1309 2124 se-

726 2147 836 2170 nectus
846 2151 859 2177 ;
869 2139 921 2170 vel
930 2138 1118 2180 simpliciter
1130 2138 1310 2171 Tithonum

725 2187 863 2218 Aurorae
892 2196 992 2217 curru
1029 2193 1179 2216 evectum
1208 2187 1309 2218 inter-

724 2239 860 2276 pretate.

775 2285 806 2318 4.
821 2281 862 2312 Et
879 2279 965 2311 Iovis
979 2279 1107 2312 arcanis
1125 2278 1232 2311 Minos
1248 2280 1316 2313 ad-
1331 2307 1334 2309 Α

1111 2331 1173 2369 10*
