1456 2508
496 121 576 154 Lm.
600 123 618 152 1
641 121 731 153 ODE
753 121 896 154 XXXV.

1247 125 1309 152 1:51

198 180 315 220 Ruris
329 179 512 227 colonus;
533 189 571 218 te
596 178 792 218 dominam
810 178 1000 231 aequoris,

252 242 485 293 Quicunque
506 239 674 291 Bithyna
692 240 843 278 lacessit

303 302 556 354 Carpathium
571 302 728 354 pelagus
749 301 892 339 carina.

197 367 253 404 Te
270 367 401 405 Dacus
420 377 534 417 asper
551 363 580 413 ³,
594 372 633 403 te
654 362 812 415 profugi
827 361 1000 413 Scythae,

198 426 405 479 Urbesque
417 455 428 475 ,
448 434 676 479 gentesque,
696 434 735 463 et
755 425 910 463 Latium
930 425 1039 463 ferox
1051 452 1062 472 ,
1279 441 1310 458 ιο

248 492 477 541 Regumque
491 497 633 527 matres
647 486 907 526 barbarorum
927 486 942 516 4
966 494 1004 524 et

301 551 493 602 Purpurei
513 558 690 588 metuunt
709 549 882 600 tyranni,

196 611 388 664 Injurioso
413 624 462 650 ne
482 611 581 663 pede
601 611 617 636 ⁵
636 623 802 663 proruas

194 675 367 712 Stantem
387 674 624 721 columnam,
643 686 720 711 neu
739 671 908 724 populus
926 670 1105 722 frequens

246 733 308 772 Ad
326 746 434 772 arma
453 742 665 782 cessantes,
687 733 735 771 ad
756 745 862 771 arma
1275 748 1307 765 20

298 795 492 844 Concitet,
512 796 796 848 imperiumque
812 794 975 845 frangat.

80 952 153 982 ves,
163 942 352 986 bonumque
367 945 453 975 ruris
469 951 667 987 proventum

79 990 143 1033 ipsi
155 989 310 1034 largiaris.
323 992 400 1024 Non
407 992 495 1023 enim
505 993 522 1024 ὲ
530 993 607 1024 solis
617 1003 669 1024 co-

79 1038 150 1070 loni
158 1038 335 1070 sudoribus
343 1046 376 1071 et
385 1046 450 1070 arte
459 1040 580 1083 pendet
588 1052 667 1072 mes-

80 1086 166 1117 sium
187 1085 335 1126 ubertas,
354 1086 411 1118 sed
428 1098 470 1119 ex
487 1089 667 1120 innumeris

81 1135 196 1175 causis,
206 1145 249 1166 cx
259 1135 339 1166 aeris
348 1135 575 1177 temperatura,
583 1137 599 1167 ὲ
610 1136 666 1167 be-

77 1183 180 1226 nigno
191 1182 426 1214 elementorum
441 1183 582 1223 influxu,
594 1195 667 1226 quae

77 1231 186 1262 omnia
196 1231 234 1262 in
245 1240 345 1261 manu
352 1232 506 1262 Fortunae
519 1239 607 1264 sunt.
618 1250 665 1258 —-

79 1277 300 1310 Tedominam
309 1279 448 1322 aequon's
461 1291 474 1310 .·
487 1279 561 1322 quia
574 1283 664 1312 navi-

75 1327 183 1368 gatio,
197 1326 298 1358 dubia
325 1335 358 1360 et
377 1328 519 1367 incerta,
547 1329 664 1360 Fortu-

76 1384 128 1405 uae
141 1374 287 1407 ludibrio
302 1375 400 1417 quam
411 1376 552 1407 maxime
564 1382 663 1418 patet.

75 1420 271 1464 —Bithynd
280 1421 397 1454 car-inii
404 1435 416 1454 .·
425 1423 576 1466 Bithynis
585 1435 666 1455 mer-

75 1468 169 1500 cibus
182 1470 310 1504 onusta.
324 1473 381 1503 Est
392 1478 499 1503 autem
513 1471 665 1514 Bithynia

75 1518 164 1550 Asiae
192 1519 332 1550 Minoris
363 1531 436 1562 pars
444 1544 452 1559 ‚
484 1519 664 1550 mercatura

75 1564 197 1597 florens
207 1590 217 1606 ,
233 1573 266 1597 et
292 1565 311 1597 a
338 1568 494 1600 Romanis
517 1567 665 1609 frequen-

76 1618 152 1645 tata.
165 1614 226 1645 His
237 1615 346 1646 autem
358 1614 544 1658 Bithyniam
557 1621 666 1656 peten-

77 1660 184 1701 tibus,
199 1661 432 1694 transeundum
450 1670 518 1694 erat
542 1663 664 1705 Carpa-

77 1707 180 1739 thium
193 1709 353 1752 pelagus,
371 1709 413 1741 ab
425 1709 530 1741 insula
545 1710 658 1753 Carpa-

77 1754 136 1787 tho
159 1754 285 1798 (hodie
321 1759 498 1799 Scatpento
507 1757 520 1800 )
529 1781 537 1796 ‚
577 1759 663 1790 inter

76 1802 231 1835 Rhodum
245 1810 277 1835 et
287 1804 414 1836 Cretam
425 1828 435 1844 ,
446 1812 580 1848 propter
592 1817 666 1848 pro-

76 1851 172 1883 cellas
184 1852 502 1894 periculosissimum.

126 1900 158 1931 3.
179 1901 223 1930 Te
240 1901 351 1931 Dacus
371 1910 468 1942 asper
478 1912 491 1931 .·
511 1911 569 1942 per
587 1911 665 1932 enu-

76 1947 288 1978 merationem
300 1948 441 1990 partium
454 1947 571 1990 probat
590 1949 663 1979 nul-

75 1993 140 2025 lam
150 2005 216 2025 esse
225 2001 352 2037 gentem
365 1994 431 2026 tam
438 1995 661 2038 longinquam,

76 2041 143 2072 tam
166 2042 270 2074 civilis
286 2042 360 2074 vitae
379 2053 458 2074 usus
476 2050 660 2085 expertem,

76 2098 151 2130 quae
165 2090 318 2121 Fortunae
331 2091 509 2132 potentiam
523 2101 592 2122 non
613 2101 664 2133 ag-

77 2143 190 2168 noscat
199 2144 256 2168 aut
268 2145 427 2169 vereatur.
439 2139 548 2169 Dacos
555 2138 663 2180 primo

77 2185 240 2224 nominat,
259 2186 318 2227 qui
332 2196 402 2216 eam
414 2185 607 2217 obtinebant
618 2196 665 2216 re-

76 2232 207 2272 gionem
215 2243 313 2275 quam
325 2241 484 2275 occupant
496 2231 586 2264 nime
600 2234 665 2263 Va-

76 2279 181 2320 hohi,
196 2281 411 2324 Transylvani
435 2287 468 2312 et
490 2279 639 2313 Moldavi
655 2289 664 2311 :

720 943 838 976 deinde
854 942 1009 984 Scythas,
1027 942 1188 985 populum
1200 943 1287 974 Asiae
1297 967 1306 982 ‚

721 992 761 1023 ad
782 991 1034 1034 septentrionem
1046 1013 1055 1030 ,
1072 989 1170 1022 hodie
1194 991 1310 1021 Tarta-

719 1051 772 1071 ros
782 1064 791 1078 ‚
810 1041 869 1081 qui
884 1040 919 1070 in
939 1039 1091 1081 plaustris
1106 1037 1259 1080 tanquam
1273 1039 1309 1069 in

720 1087 872 1120 domibus
915 1086 1107 1117 habitabant
1119 1109 1130 1124 ‚
1169 1086 1307 1127 quique,

720 1134 795 1167 cum
815 1142 935 1166 certam
949 1134 1058 1165 sedem
1071 1133 1233 1175 nusquz'im
1250 1133 1309 1164 ha-

719 1184 852 1222 berent,
879 1182 954 1213 ideo
976 1181 1112 1224 profitgi
1133 1181 1308 1221 ‹licuntur3

719 1231 857 1263 Latinos
882 1229 1040 1273 denique,
1060 1229 1096 1260 id
1120 1237 1167 1260 est
1188 1231 1307 1261 Roma-

718 1291 796 1319 nos,
829 1279 904 1321 qui,
925 1277 1072 1319 quamvis
1098 1277 1306 1317 ferocissimi,

716 1327 751 1359 id
772 1333 837 1365 est,
860 1326 1111 1364 bellicosissimi,
1138 1336 1209 1357 non
1235 1332 1309 1356 tan-

718 1382 784 1407 tam
811 1374 918 1406 tamen
938 1374 974 1405 in
992 1374 1113 1404 virtute
1140 1372 1198 1404 sua
1218 1371 1307 1404 fidu-

718 1424 802 1454 ciam
817 1421 1019 1464 reponebant
1036 1427 1074 1452 ut
1094 1421 1129 1451 in
1151 1422 1307 1452 successi-

718 1470 779 1502 bus
789 1471 854 1502 suis
867 1477 991 1511 partem
999 1470 1152 1501 Fortunae
1161 1468 1304 1500 debitam

718 1529 786 1550 non
805 1517 993 1548 faterentur.

766 1572 798 1604 4.
810 1566 998 1607 Regumque
1014 1570 1134 1594 maer-es
1150 1563 1305 1597 barbaro-

719 1624 789 1645 rum
800 1624 812 1644 .·
822 1620 939 1643 matres
945 1611 1057 1643 liberis
1066 1612 1178 1643 timere
1187 1611 1305 1643 solent.

717 1680 765 1686 —-
774 1660 935 1702 Purpurei
945 1659 1081 1701 tyranni
1087 1670 1100 1690 :
1112 1669 1212 1702 reges,
1223 1669 1306 1701 quos

718 1710 813 1741 vestit
826 1719 983 1750 purpura.
993 1708 1044 1739 Sic
1057 1706 1225 1739 Claudiam.
1242 1704 1309 1737 Sub

718 1765 775 1788 tua
800 1755 959 1798 purpurei
987 1754 1131 1786 venient
1161 1752 1307 1796 vestigia

718 1815 825 1847 reges,
840 1802 880 1834 de
895 1805 990 1846 Rapt.
1006 1805 1156 1844 Proserp.
1174 1801 1231 1833 lib.
1252 1802 1304 1839 11,

718 1863 801 1884 vers,
818 1853 895 1884 300.

767 1900 798 1931 5.
827 1897 986 1941 Injurioso
1018 1908 1059 1929 ne
1082 1896 1170 1939 pede
1189 1908 1200 1926 :
1233 1903 1306 1929 actu

716 1946 828 1977 hostili
847 1954 878 1978 et
895 1946 1058 1984 violento,
1073 1946 1129 1987 qui
1148 1945 1220 1984 jura
1236 1955 1307 1987 reg·

716 1995 865 2025 nantium
891 1993 990 2025 laedit.
1018 2011 1065 2017 —-
1084 1994 1232 2023 Stantem
1255 2002 1308 2023 co-

717 2043 1008 2083 lumnamproruas
1017 2052 1028 2071 .·
1038 2040 1211 2082 imperium
1222 2050 1310 2070 ever-

717 2097 784 2128 tas,
800 2099 959 2120 summam
976 2087 1146 2119 labefactes
1169 2093 1309 2129 potesta-

718 2144 800 2174 tem,
818 2138 853 2168 in
869 2135 933 2178 qua
944 2159 953 2175 ,
967 2136 1059 2166 velut
1072 2136 1108 2166 in
1125 2133 1311 2166 firmissima

718 2184 869 2216 columna
895 2183 1049 2214 innititur
1080 2183 1128 2214 rei
1167 2182 1310 2224 politicae

719 2230 906 2264 aedificium.
922 2248 971 2256 ·--
987 2232 1060 2262 Neu
1089 2241 1101 2261 .·
1131 2237 1162 2260 et
1185 2241 1238 2261 ne.
1261 2247 1309 2255 ·—

720 2279 862 2322 Populus
871 2278 1032 2322 frequens
1049 2290 1059 2309 .·
1080 2277 1231 2320 graphice
1254 2277 1309 2309 de—
