1456 2508
204 127 268 166 154

582 129 624 169 Q.
648 127 833 160 nomm
855 124 1008 158 FLAGCI

305 185 392 232 Qu&
412 184 523 234 pinus
541 184 673 234 ingens
694 182 722 230 3,
741 183 902 233 albaque
921 182 1086 233 populus

303 244 488 284 Umbram
506 244 732 293 hospitalem
756 243 974 281 consociare
999 248 1124 279 amant
1357 254 1387 270 ιο

356 304 502 350 Ramis,
521 312 557 340 et
577 302 733 352 obliquo
754 302 902 340 laborat

406 363 579 413 Lympha
597 363 713 412 fugax
730 362 921 412 trepidare
940 360 1043 405 rivo,

305 424 390 459 Httc
407 421 514 468 vina,
534 429 571 458 et
587 430 779 470 unguenta
793 449 803 467 ‚
823 428 861 457 et
877 419 1037 457 nimiam
1055 416 1190 455 breves

303 485 332 519 F
334 481 431 519 lores
449 494 602 519 amoenae
624 481 724 518 ferre
737 480 830 531 jube
849 493 963 527 rosae,

355 543 458 578 Dfim
476 554 536 578 res
555 542 570 571 4
590 548 627 578 ct
647 550 753 586 aetas,
774 549 812 577 et
829 552 1006 578 sororum
1356 543 1383 567 ¹⁵

406 601 486 638 Fila
503 601 618 638 trium
637 601 832 650 patiuntur
850 610 942 638 atra.

303 660 422 698 Cedes
438 661 621 711 coemptis
639 659 796 698 saltibus
813 659 841 707 5,
860 669 897 697 et
915 660 1048 706 domo,

302 721 495 771 villaque,
514 721 634 758 flavus
653 733 766 771 quam
783 720 930 758 Tiberis
950 720 1042 758 lavit
1059 733 1067 755 z

200 882 295 912 nariae
304 887 391 922 parte
401 880 557 911 reconditi
568 891 576 918 3
586 891 654 910 mos
663 881 767 911 autom

199 934 266 958 erat
289 928 439 958 Romanis
461 928 528 958 vini
552 933 672 957 aetatem
691 925 767 957 not-21

199 972 353 1015 quiidam,
373 973 540 1004 consulum
562 974 690 1003 nomine
716 973 768 1003 in-

199 1019 331 1061 scripta,
355 1019 416 1050 sub
443 1020 559 1060 quibus
582 1030 765 1060 expressum

199 1072 231 1097 et
246 1066 415 1097 collectum
430 1065 530 1096 fuerat
546 1066 720 1108 designare.

247 1114 278 1144 3.
300 1110 372 1153 Qud
388 1112 485 1152 pinus
512 1112 625 1154 ingens
649 1123 660 1142 .·
685 1113 765 1142 hano

197 1158 350 1199 strophen
376 1158 518 1199 plerique
548 1169 622 1188 cum
651 1169 767 1199 praece-

200 1204 348 1235 dentibus
372 1211 585 1242 connectunt,
601 1204 644 1234 itasst
667 1211 703 1234 ut
722 1205 767 1235 le-

199 1257 274 1294 gant
287 1260 296 1282 ε
313 1251 502 1281 reclinatum
521 1248 592 1291 Qud
603 1250 716 1290 pinus,
731 1252 766 1281 in

200 1308 238 1329 eo
253 1297 326 1328 loco
345 1298 556 1327 amoenissimo
575 1297 632 1326 ubi
650 1298 744 1338 pinus
755 1320 764 1335 ‚

200 1350 260 1375 etc.
280 1343 360 1381 Alii,
378 1354 458 1384 quos
473 1350 599 1374 secutus
614 1354 700 1381 sum,
718 1355 766 1374 ea-

200 1390 273 1421 dem
292 1390 390 1420 verba
409 1389 550 1420 referunt
571 1389 609 1418 ad
632 1400 764 1430 sequen-

200 1436 243 1467 tia
259 1446 268 1468 :
284 1437 379 1467 Ferre
390 1435 464 1477 jube
478 1435 562 1466 vina
581 1442 613 1465 et
627 1447 766 1477 unguen-

200 1491 234 1514 ta
259 1484 295 1513 in
323 1493 396 1513 eum
417 1483 542 1519 locum,
566 1480 630 1523 qufn
650 1483 764 1522 pinus,

199 1537 260 1561 etc.
285 1539 394 1559 sensus
428 1528 584 1559 levissimi}
614 1529 764 1560 variatur.

200 1593 246 1603 ψ-
264 1575 411 1606 Umbram
440 1574 629 1616 hospitalem
656 1586 767 1605 conso-

200 1622 286 1653 ciare
307 1629 424 1652 amant
441 1621 538 1652 ramis
558 1632 569 1650 :
587 1622 693 1651 omnia
716 1622 765 1652 hic

200 1665 355 1710 {exquisita
382 1678 391 1699 ε
422 1668 583 1709 perpende
608 1677 616 1698 :
651 1675 768 1698 amant

199 1715 378 1746 consociare
387 1726 402 1751 ;
419 1725 554 1747 ⁴sensum
578 1720 609 1744 et
627 1716 765 1745 animum

197 1761 319 1804 praebet
359 1761 545 1798 arboribus,
573 1771 657 1802 quae,
688 1772 763 1801 qun-

199 1808 225 1838 εὶ
255 1814 370 1839 mutuo
401 1819 506 1838 amore
539 1807 675 1845 allectae,
697 1818 763 1838 sese

199 1854 364 1885 ambitioso
389 1855 610 1895 constringunt
640 1861 670 1884 et
700 1864 764 1883 am-

199 1901 394 1942 plectuntur.
411 1900 531 1931 Umbra
555 1899 674 1930 dicitur
694 1899 764 1929 hos-

194 1946 327 1988 pitalis,
355 1957 427 1986 quae
448 1946 566 1976 blando
593 1956 651 1976 suo
676 1946 765 1976 refri—

201 1995 289 2034 gerio
308 1992 347 2023 ad
370 1992 543 2023 sedendum
564 1993 699 2022 invitare
717 1993 765 2022 vi-

200 2039 294 2071 detur
302 2050 311 2078 3
320 2046 399 2069 —et
407 2039 531 2080 obliquo
541 2039 666 2069 laborat
676 2041 700 2068 L
696 2048 766 2076 ym-

197 2086 264 2126 plza
281 2085 391 2128 fitgax
407 2085 566 2126 trepidare
582 2085 645 2115 rivo
658 2095 668 2114 :
686 2086 766 2125 rapi-

198 2132 329 2163 ditatem
343 2132 440 2163 rivuli
453 2131 562 2162 contr&
575 2141 678 2162 moras
687 2141 766 2171 quas

199 2179 229 2209 ei
250 2180 350 2209 nectit
376 2177 486 2208 cursfis
516 2179 566 2208 sui
597 2177 766 2218 obliquitas

200 2226 364 2264 enitentis,
379 2225 526 2267 graphio&
539 2224 707 2267 exprimit;
721 2223 767 2254 la-

820 880 912 910 horat
938 877 1112 919 trepidare,
1140 876 1174 906 id
1198 883 1244 906 est
1253 898 1262 914 ,
1289 877 1385 916 trepi-

820 925 873 956 dat
884 924 1012 966 quidom
1021 946 1030 962 ‚
1040 923 1095 954 sed
1106 933 1172 953 non
1180 923 1247 952 sine
1264 922 1382 952 labore.

820 975 916 1003 Hunc
933 970 1172 1002 celeberrimum
1190 978 1320 1010 poeseos
1331 967 1384 998 de-

820 1019 977 1059 scriptivae
996 1017 1106 1047 locum
1121 1014 1253 1046 feliciter
1273 1014 1308 1044 in
1326 1014 1385 1055 gal-

816 1066 915 1096 licum
922 1073 1098 1095 sermonem
1106 1061 1265 1092 transtulit
1272 1060 1384 1092 Jacob.

817 1108 1010 1148 Delille,l’H
1008 1119 1111 1139 omme
1118 1108 1174 1139 des
1182 1107 1322 1148 champs,
1327 1108 1382 1145 IV,

818 1159 852 1188 in
870 1158 983 1195 initi03
1000 1156 1091 1194 cnjus
1103 1165 1211 1184 versus
1228 1153 1280 1184 hic
1298 1159 1382 1183 tran-

818 1204 915 1234 scribi
924 1204 1057 1233 lectores
1067 1211 1132 1231 non
1142 1200 1329 1241 poenitebit:
1340 1200 1382 1230 Ce

815 1247 1060 1290 piilepeuplier,
1077 1258 1112 1278 ce
1118 1247 1179 1288 pin
1190 1246 1381 1284 auducieux,

818 1295 988 1326 Ensemble
1027 1293 1168 1324 marianc
1213 1293 1295 1323 leurs
1334 1303 1382 1322 ra-

820 1340 1031 1384 meauaefiais
1046 1347 1078 1370 ec
1090 1338 1246 1375 sombres,
1265 1338 1382 1379 Ecpress

818 1396 890 1419 tant
905 1399 947 1418 au
957 1388 1070 1417 buveur
1081 1384 1231 1426 l'hospice
1246 1385 1286 1415 de
1299 1385 1382 1415 leurs

818 1434 939 1464 ombres
945 1446 958 1470 ;
971 1431 1092 1462 Tandis
1104 1432 1203 1472 qn'un
1217 1431 1299 1461 clair
1308 1430 1384 1461 ruis-

818 1491 894 1510 seau
916 1491 949 1510 se
967 1476 1082 1508 hdcane
1098 1477 1180 1507 dans
1200 1487 1258 1508 son
1273 1487 1379 1514 cours,

818 1526 908 1565 Fuit,
921 1526 1025 1562 roule,
1041 1531 1073 1555 ec
1087 1523 1127 1554 de
1142 1535 1199 1554 son
1217 1524 1257 1556 lic
1269 1523 1383 1566 abre'ge

818 1575 864 1605 les
883 1575 1017 1605 de'tours.

865 1627 896 1658 4.
911 1621 994 1651 Diem
1009 1629 1077 1649 res:
1094 1625 1147 1648 tua
1160 1629 1296 1660 praesens
1308 1629 1383 1649 con-

818 1667 908 1698 ditio.
927 1685 974 1691 —
989 1667 1083 1697 AEtas
1097 1676 1109 1695 .·
1123 1663 1200 1695 deun
1213 1666 1382 1703 juventute

818 1713 922 1744 adhilc
936 1715 1020 1755 viges
1031 1723 1039 1750 ;
1052 1711 1198 1752 voluptas
1211 1717 1300 1742 aetate
1309 1721 1382 1752 pro-

818 1761 990 1790 vectiorem
1004 1758 1178 1789 dedeceret.
1187 1772 1232 1780 *-
1242 1759 1287 1787 Ec
1300 1767 1382 1786 soro-

815 1817 882 1836 rum
879 1807 944 1850 fila
951 1808 994 1836 :E
997 1803 1095 1846 cqu’il
1100 1811 1179 1834 reste
1185 1803 1206 1832 ὰ
1214 1804 1248 1834 la
1255 1806 1383 1844 Parque

818 1864 914 1883 encor
925 1853 966 1882 de
978 1851 1053 1893 quoi
1055 1850 1143 1894 filer.
1160 1850 1228 1881 Bol.
1245 1852 1307 1881 Sat.
1321 1851 1345 1880 Ι.

866 1900 896 1930 5.
933 1899 1031 1929 Codes
1053 1896 1203 1937 coemptis
1230 1895 1361 1926 saltibus
1371 1907 1382 1925 .-

818 1956 902 1975 mors
916 1945 974 1974 tibi
989 1945 1100 1985 eripiet
1109 1943 1204 1974 saltus
1212 1943 1283 1973 illos
1293 1965 1301 1979 ,
1315 1952 1381 1972 non

817 1990 921 2022 solflm
951 1997 1072 2031 emptos
1087 2013 1096 2028 ,
1125 1989 1179 2019 sed
1206 1995 1382 2029 coemptos:

818 2045 855 2068 ut
883 2038 1032 2068 continua
1082 2036 1253 2066 multarum
1278 2034 1381 2075 sylva-

818 2095 889 2114 rum
906 2093 983 2124 quas
998 2083 1120 2113 Dellius
1137 2082 1319 2122 acquisivit,
1338 2091 1382 2110 se-

818 2131 879 2160 ries
893 2136 1032 2160 notetur.
1049 2145 1095 2152 -·
1114 2128 1206 2158 Lavit
1218 2138 1230 2158 .-
1250 2126 1267 2157 ὲ
1283 2126 1381 2157 verbo

818 2177 940 2214 lavere,
960 2174 1087 2216 antiquit
1106 2173 1224 2212 fot-mni,
1239 2183 1317 2215 pro,
1333 2173 1382 2203 la-

818 2233 891 2254 vare
913 2233 924 2253 .·
949 2221 1013 2254 vid.
1040 2221 1102 2254 0d.
1128 2221 1197 2259 111,
1214 2225 1250 2258 4,
1271 2220 1312 2249 61
1326 2241 1335 2256 ‚
1352 2224 1383 2249 et
