1456 2508
218 97 282 126 232

603 100 643 139 Q.
668 98 852 131 HonATn
874 101 1019 135 mccx

319 155 400 191 Htlc
417 163 497 192 arte
515 152 529 176 ³
544 155 676 192 Pollux
687 183 698 202 ‚
714 164 752 193 et
768 168 886 206 vagus
905 160 1087 198 Hercules

321 215 478 262 Enisus,
496 228 601 253 arces
620 216 744 267 attigit
760 217 907 266 igneas3
1374 241 1404 256 ω

373 278 478 322 Quos
498 276 595 313 inter
617 280 808 326 Augustus
827 278 1048 316 recumbens

426 338 623 386 Purpureo
643 335 742 374 bibit
760 349 826 374 ore
845 345 986 375 nectar.

323 397 403 432 Halo
424 394 438 423 4
456 403 492 432 te
511 403 731 441 merentem,
752 396 897 434 Bacche
915 405 1039 448 pater,
1061 407 1135 436 tuae

322 455 468 491 Vexere
489 454 622 504 tigres,
642 455 795 492 indocili
809 456 945 506 jugum

374 515 479 552 Collo
499 515 709 563 trahente-53
734 515 805 553 hzlc
824 516 1007 563 Quirinus
1374 529 1403 553 15

425 575 558 612 Martis
575 575 681 624 equis
698 574 913 613 Acheronta
930 576 1041 627 fugit,

321 637 479 672 Gratum
498 635 646 672 elocuta
665 635 947 673 consiliantibus

220 814 253 837 to
286 817 377 845 casu,
405 807 499 847 capiti
523 807 695 836 constantis
726 809 786 838 viri

221 854 402 890 immineat,
417 852 460 882 ita
479 859 515 882 ut
531 853 636 893 ipsum
653 851 785 883 illaben-

220 907 282 930 tem
313 899 408 929 oculo
434 900 583 929 irretorto
606 898 727 937 videat,
756 907 788 930 et

217 947 305 987 quasi
332 945 483 986 gradatim
519 951 550 974 et
595 944 786 986 pedetentim

221 992 461 1023 descendentem
481 991 640 1022 metiatur.
657 992 785 1022 Gravis-

219 1039 331 1070 simam
347 1038 471 1068 Horatii
487 1037 673 1067 sententiam
690 1037 786 1078 longai

221 1092 252 1115 et
283 1083 441 1114 fastidiosa
477 1084 620 1113 oratione
652 1091 786 1124 uterque

221 1134 338 1163 Seneca
353 1130 536 1160 diluerunt:
553 1129 650 1166 alter,
668 1132 788 1170 Quaest.

222 1184 327 1208 natur.
369 1177 434 1212 Vl,
476 1176 538 1212 323
575 1175 652 1205 alter
695 1176 787 1214 vero,

222 1223 352 1264 Thyest.
369 1222 445 1252 358.

272 1271 303 1299 3.
331 1266 405 1298 Ηᾶο
424 1274 493 1297 arte
509 1278 520 1296 .·
542 1265 619 1305 hac,
637 1267 791 1309 inexpug-

223 1315 323 1345 nabili
342 1315 377 1344 in
395 1314 480 1344 recte
507 1312 627 1354 agendo
645 1324 790 1354 perseve-

222 1359 340 1397 rantia,
359 1371 448 1400 quae,
461 1358 534 1389 cum
558 1359 575 1388 ὲ
593 1358 725 1400 praeflxa
744 1361 791 1390 vi-

224 1406 319 1437 vendi
340 1405 451 1436 norma
469 1405 650 1442 derivetur,
669 1405 707 1435 ad
725 1416 792 1436 cer·

224 1461 287 1484 tam
305 1452 472 1494 quamdam
498 1458 596 1482 artem
610 1451 720 1482 referri
736 1462 792 1492 po-

225 1507 296 1531 test.
319 1501 487 1540 ——Vagus
522 1498 674 1528 Hercules
700 1508 710 1528 .·
735 1499 791 1538 qui

224 1546 445 1576 remotissimas
463 1544 622 1584 regione5‚
638 1551 791 1575 monstro-

222 1603 294 1622 rum
328 1598 601 1633 tyrannorumque
631 1589 789 1629 domitor,

220 1639 407 1680 peragravit.
434 1654 481 1661 —-
509 1635 627 1666 Enisus
661 1638 791 1677 proprie

224 1684 263 1714 de
274 1686 313 1714 iis
329 1683 460 1721 dicitur,
475 1683 530 1724 qui
545 1682 584 1712 ad
599 1682 709 1712 altiora
725 1690 791 1713 ten-

222 1729 314 1760 dunt.
323 1730 406 1760 Male
418 1731 453 1759 in
462 1729 619 1770 plerisque
630 1728 793 1759 codicibus

225 1777 340 1818 legitur
372 1775 511 1807 innixus.
536 1792 580 1798 —-
614 1776 713 1804 Arces
746 1775 792 1816 ig-

224 1833 303 1852 neas
316 1833 327 1852 .·
347 1823 463 1852 coelum
486 1820 641 1852 sideribus
665 1822 791 1851 micans.

225 1886 271 1894 -—-
287 1870 371 1909 Quos
393 1868 476 1897 inter
498 1869 659 1908 Augustus
674 1877 794 1896 recum-

223 1915 296 1945 bens
310 1925 321 1944 .·
340 1912 472 1946 Senatus
490 1913 575 1943 enim
590 1912 728 1944 adulatio
744 1914 791 1943 vi-

223 1968 348 1992 ventem
369 1962 552 2002 Augustnm
563 1961 707 1989 Deorum
727 1970 790 1989 nu-

224 2018 312 2037 mero
327 2008 522 2046 ascripserat.
539 2005 615 2036 Vid.
629 2004 711 2034 infra
727 2005 788 2036 Od.

224 2055 291 2090 111,
308 2055 326 2083 5
338 2075 346 2090 ,
368 2064 385 2082 2
399 2062 406 2083 :
426 2055 568 2082 Praesens
585 2051 672 2081 divus
694 2050 791 2080 kabe-

222 2099 305 2129 bitur
341 2101 500 2140 Augustus
509 2109 522 2134 ;
553 2096 624 2127 vide
662 2107 790 2138 quoque

223 2146 322 2186 Epist.
348 2146 398 2182 11,
423 2155 433 2173 1
448 2167 456 2182 ‚
482 2143 542 2174 15:
564 2143 717 2174 Praesenti
735 2142 792 2173 tibi

223 2198 364 2221 maturos
386 2189 543 2232 largimur
557 2188 712 2226 honores,
731 2191 788 2219 Ju-

839 807 1019 848 randasque
1044 815 1129 839 tuum
1140 818 1203 848 per
1219 819 1335 839 nomen
1343 821 1404 851 po-

841 853 942 883 nimus
961 864 1049 885 aras.
1070 870 1118 878 —-—-
1137 856 1298 896 Purpureo
1326 866 1379 887 ore
1395 868 1406 886 :

839 909 947 937 roseo,
964 899 1116 941 pulchro,
1138 901 1227 941 quasi
1238 901 1304 940 jam
1323 901 1404 932 divi-

839 955 889 975 nae
902 953 1024 976 naturae
1031 948 1187 988 particeps
1196 947 1297 985 factus
1304 970 1313 986 ,
1326 949 1409 989 ipso-

839 1001 902 1032 que
928 991 1017 1022 vultu
1035 991 1236 1033 splendorem
1256 993 1407 1035 superhu-

838 1047 966 1068 manum
985 1038 1158 1079 praeferret.

889 1137 920 1167 4.
937 1128 1009 1160 Ηᾶο
1023 1140 1035 1160 .·
1050 1129 1186 1162 subaud.
1205 1138 1292 1169 arte,
1287 1143 1295 1150 ·
1310 1131 1343 1162 id
1361 1139 1408 1162 est

840 1174 899 1206 hac
908 1177 1035 1206 virtutis
1044 1174 1105 1206 via.
1111 1176 1291 1208 —Bacclze
1293 1184 1408 1218 pater

841 1232 899 1263 per
914 1221 1145 1263 apostrophen,
1167 1228 1273 1254 motus
1297 1225 1409 1254 oratio-

842 1269 892 1298 nis
906 1269 1063 1306 variatur,
1082 1274 1114 1298 et
1136 1266 1273 1300 vividius
1296 1279 1406 1311 Ριοοε-

843 1314 899 1344 dit.
928 1331 974 1337 -—
1006 1313 1147 1345 Indocili
1171 1314 1283 1357 jugum
1328 1316 1410 1346 collo

843 1359 1031 1391 trahentes:
1054 1360 1168 1402 tigres,
1188 1361 1331 1402 quamvis
1357 1361 1410 1392 do-

844 1407 928 1436 mitae
943 1406 961 1436 a
975 1405 1098 1437 Baccho
1109 1429 1118 1444 ,
1135 1405 1272 1437 multum
1294 1409 1409 1438 nativae

843 1453 1014 1483 ferocitatis
1049 1453 1206 1491 retinent,
1232 1453 1408 1494 jugumque

843 1499 1043 1540 impatienter
1064 1498 1180 1530 ferunt.
1199 1500 1305 1530 Liceat
1327 1499 1409 1530 hanc

843 1546 1010 1586 imaginem
1031 1545 1134 1575 multo
1154 1543 1254 1575 fusius
1275 1546 1410 1586 explica-

844 1598 908 1621 tam
929 1590 946 1620 ὲ
959 1590 1047 1621 Volt.
1068 1590 1221 1622 Henriad.
1235 1593 1315 1622 VIII
1331 1613 1340 1629 ,
1360 1602 1409 1622 re-

843 1643 1031 1678 praesentare
1050 1646 1058 1668 :
1083 1637 1261 1668 Semblable
1283 1648 1326 1667 au
1346 1639 1414 1682 fier

845 1683 911 1714 lion
927 1683 1026 1724 quffun
1036 1684 1151 1713 Maure
1164 1693 1186 1712 a
1200 1693 1235 1713 su
1247 1683 1408 1725 dompter,

849 1729 927 1770 Qui,
941 1728 1043 1759 docile
1057 1728 1079 1758 ὰ
1089 1739 1146 1759 son
1160 1726 1292 1766 maht-e,
1311 1730 1332 1760 ὰ
1346 1737 1414 1761 tout

847 1783 937 1806 autre
955 1775 1097 1811 terrihle,
1116 1775 1148 1805 A
1169 1775 1204 1806 Ia
1229 1775 1315 1806 main
1331 1777 1412 1817 qu'il

846 1819 979 1852 connaz‘t
989 1827 1110 1851 soumet
1121 1831 1158 1851 sa
1176 1819 1238 1852 te'te
1252 1821 1406 1858 horr-ime,

847 1869 891 1898 Le
899 1866 963 1897 suit
973 1867 1007 1897 d’
1009 1878 1051 1897 nn
1063 1866 1267 1909 airqffreux,
1281 1867 1410 1911 Ieflaue

846 1924 884 1944 en
899 1913 1076 1955 rugissant,
1090 1910 1413 1954 Etparastmenacer·

844 1958 946 1990 meme
977 1970 1016 1989 en
1045 1959 1212 1991 obeissant.
1236 1976 1282 1983 —·
1297 1960 1411 1990 Blarus

843 2017 930 2046 equzs
946 2016 957 2035 .·
972 2003 1059 2035 filius
1087 2006 1199 2036 Martis
1231 2003 1411 2047 fingebatur

843 2051 1018 2089 Romulus,
1032 2058 1063 2081 et
1079 2050 1098 2081 a
1118 2058 1206 2093 patre
1234 2052 1270 2082 in
1293 2052 1410 2082 coelum

842 2104 951 2139 raptus
974 2097 1068 2128 fuisse
1090 2106 1098 2128 :
1126 2097 1171 2128 sic
1197 2096 1295 2128 ferme
1313 2097 1408 2129 Ovid.

842 2145 922 2174 Fast.
938 2145 970 2174 11
981 2165 990 2181 ,
1007 2143 1096 2184 496:
1111 2141 1198 2174 Hinc
1210 2149 1319 2181 conat,
1335 2142 1412 2173 Ιιὶησ

842 2189 944 2220 missis
954 2187 1147 2231 abrumpitur
1157 2189 1281 2231 Ignibus
1289 2188 1350 2220 aeclz
1355 2198 1388 2219 er
1399 2199 1410 2219 .·

1283 2289 1300 2308 ἢ
