1456 2508
533 126 612 159 LIB.
638 129 672 159 11
695 129 784 161 01)ss
807 129 868 162 lx.

1254 125 1319 166 175

205 179 378 220 Tandem
395 185 640 234 querelarum
658 187 686 236 ⁵,
706 197 744 226 et
762 188 893 238 potitis
910 200 1012 226 nova

263 244 470 283 Cantemus
487 245 503 268 ⁶
519 248 685 298 Augusti
705 256 851 299 tropaea

317 306 496 355 Caesaris,
516 316 555 345 et
573 309 742 360 rigidum
759 310 955 361 Niphaten
973 317 1008 356 7,
1289 322 1321 340 ²⁰

210 365 447 418 Medumque
462 367 622 418 flumen,
642 370 821 421 gentibus
837 356 1016 408 a‘dditum

210 427 349 476 Victis,
369 429 536 468 minores
554 432 712 471 volvere
727 433 919 478 vortices3

265 491 449 541 Intraque
468 493 734 544 praescriptum
753 494 922 532 Gelonos

318 553 476 603 Exiguis
496 554 669 604 equitare
687 555 844 606 campis.

155 671 187 703 5.
215 670 337 702 Desine
364 670 509 702 mollium
546 671 682 703 eandem

105 718 310 761 querelarum
325 729 338 749 .·
361 720 451 763 Λῆγε
469 715 573 764 γόων,
593 715 684 763 ὀδυρ-

106 767 194 810 μῶν,
219 776 299 808 pro,
326 764 436 796 desine
461 766 566 807 queri.
600 767 685 798 Nota

105 811 273 855 epitheton
285 812 370 843 illud
380 834 389 850 ‚
409 812 554 843 mollium
567 836 575 850 ,
595 812 684 854 quod

105 859 209 898 certe,
223 861 308 901 patri
327 858 388 890 filii
412 867 548 891 mortem
565 859 686 890 deflen-

105 907 132 938 ti
150 907 284 938 minime
298 907 498 938 conveniret.
521 907 680 944 Tandem,

105 953 219 997 longas
239 954 336 985 nimis
349 955 566 996 querimonias
591 956 686 985 incu-

106 1007 171 1040 sat,
190 1011 266 1043 quae
279 1002 385 1043 primo
403 1001 526 1032 doloris
541 1008 686 1043 tempore

107 1049 253 1080 excussu-i
266 1047 456 1090 potuissent.

154 1095 189 1127 6.
225 1095 399 1127 Cantemus
425 1106 438 1126 .·
468 1106 528 1138 ego
562 1103 594 1126 et
628 1102 685 1135 tu,

108 1142 264 1174 concordi
283 1153 379 1182 voce,
406 1143 604 1174 celebremus
630 1154 687 1174 no-

107 1199 174 1230 vas,
183 1201 263 1232 quas
275 1190 443 1233 Augustus
456 1191 497 1221 ab
510 1191 686 1229 Armeniis,

106 1237 231 1268 Parthis
259 1244 293 1269 et
323 1237 458 1269 Gelonis
486 1239 684 1280 reportavit,

105 1285 268 1317 victorias.
282 1287 429 1324 Rem,ut
452 1292 564 1327 poeta,
581 1292 686 1327 auget.

103 1331 202 1364 hato
217 1331 304 1363 hello
319 1332 406 1364 enim
422 1333 550 1364 nullum
568 1332 687 1364 horum

51 1389 54 1393 ·
105 1378 302 1420 populorum
333 1380 465 1421 proprie
502 1380 689 1421 perdomuit

106 1426 295 1468 Augustini,
322 1425 379 1457 sed
409 1427 595 1464 Armeniis,
630 1428 688 1468 qni

106 1483 167 1515 per
199 1472 340 1516 rigidum
373 1472 541 1515 Niphaten
578 1474 682 1516 desig-

107 1525 244 1559 nantur,
262 1520 359 1552 misso
375 1521 413 1551 in
431 1531 545 1551 eorum
566 1528 683 1552 terram

107 1566 239 1598 Tiberio
267 1566 350 1598 duce
381 1569 540 1606 exercitu,
577 1579 685 1611 regem

106 1611 235 1645 tandm
259 1615 452 1657 Tigranem,
474 1615 569 1656 pulso
590 1618 686 1647 Arta-

107 1659 172 1699 xia,
185 1663 372 1703 preposuit,
382 1661 448 1693 vid.
463 1663 537 1694 Dio.
551 1665 635 1701 LIV,
653 1673 686 1704 9;

109 1708 242 1740 Sueten.
262 1708 336 1740 Tib.
357 1719 427 1750 cap.
451 1719 484 1750 93
507 1710 622 1741 Vellei.
641 1711 685 1748 11,

109 1759 165 1796 9.st
181 1755 285 1787 Tacit.
305 1755 424 1788 Annal.
439 1757 489 1794 11,
512 1757 543 1788 3.
559 1758 590 1787 A
604 1759 686 1787 Par-

108 1798 234 1832 thorum
246 1801 328 1844 (pro
346 1802 466 1844 quibus
481 1803 612 1834 Medum
614 1804 686 1848 flu·

108 1858 184 1879 men
210 1850 352 1890 positum
370 1849 454 1892 est),
475 1861 549 1893 rege
573 1851 687 1882 Phraa-

107 1901 158 1933 te,
180 1895 294 1927 eodem
324 1906 409 1928 auno
454 1898 543 1940 signa
582 1898 686 1930 Crassi

106 1941 196 1974 clade
221 1944 331 1975 amissa
345 1966 355 1983 ,
377 1945 507 1987 recepit.
524 1945 590 1977 vid.
608 1946 684 1977 Dio.

736 672 828 710 LIV,
850 671 882 702 8.
908 669 1052 701 Gelonos
1067 668 1225 710 denique,
1244 679 1321 711 gen-

738 727 802 750 tem
833 719 1055 756 Sarmaticam,
1081 715 1155 747 cum
1185 717 1220 746 in
1258 719 1321 749 Ro-

737 776 907 797 manorum
926 763 1008 795 fines
1033 771 1119 794 trans
1136 765 1254 794 Istrum
1270 763 1321 794 in-

739 814 922 844 cursionem
940 812 1105 850 fecissent,
1127 812 1224 842 misso
1239 812 1323 842 Len-

738 860 826 898 tulo,
840 867 928 890 traus
951 860 1076 890 flumen
1099 858 1239 900 repulit;
1255 857 1322 890 vid.

738 908 828 939 Flor.
844 909 903 946 IV,
925 917 977 938 12.

789 966 820 994 7,
837 953 990 996 Rigidum
1002 953 1170 995 Niphaten
1182 964 1194 983 .·
1203 952 1326 994 Nipha-

739 1008 786 1033 tes
803 1013 896 1033 mons
920 1008 991 1032 erat
1010 1002 1192 1038 Armeniae,
1207 1010 1326 1042 perpe-

740 1050 806 1080 tuis
832 1049 983 1087 nivibus,
1014 1059 1081 1090 prae
1111 1047 1303 1079 celsitudine
1317 1070 1327 1084 ,

741 1103 885 1138 opertus,
922 1096 990 1127 Alii
1020 1106 1148 1126 amnem
1178 1094 1323 1135 ejusdem

741 1145 883 1174 nominis
893 1166 901 1182 ,
929 1144 966 1174 in
1004 1142 1160 1174 Armenia
1191 1152 1324 1184 quoque

740 1191 895 1222 fluentem
905 1213 913 1229 ‚
929 1197 960 1221 et
973 1190 1146 1232 saepissime
1161 1189 1235 1232 gelu
1250 1198 1329 1220 con-

741 1240 889 1270 strictum
912 1238 1110 1279 intelligunt.
1127 1255 1174 1261 —
1189 1236 1324 1267 Medum

730 1286 862 1330 flumen
885 1296 897 1316 :
909 1285 1096 1316 Parthicum
1112 1284 1326 1323 ssumen‚En-

741 1333 899 1376 phratem.
927 1350 975 1357 -—-
1006 1331 1152 1363 Minores
1191 1331 1324 1362 volvere

740 1381 908 1412 vortices:
931 1380 1128 1418 submissos,
1149 1385 1181 1409 et
1205 1379 1325 1409 minori

741 1439 815 1458 cum
841 1426 992 1468 superbia
1025 1426 1147 1456 flnctus
1173 1426 1322 1457 volvere.

735 1476 842 1506 Notus
854 1474 984 1516 Virgilii
1001 1473 1110 1511 locus,
1126 1475 1200 1505 ΕΠ.
1215 1474 1299 1504 VIII
1309 1494 1320 1512 ,

740 1523 831 1561 726:
853 1520 1036 1562 Euphrates
1061 1520 1131 1551 ibat
1144 1519 1219 1562 jizm
1243 1520 1324 1552 mol-

739 1569 803 1600 lior
829 1569 932 1600 undis.
958 1569 1064 1600 Poetis
1094 1567 1249 1599 familiare
1275 1574 1324 1599 est

741 1617 878 1647 animam
894 1616 1085 1646 fluminibus
1097 1614 1241 1656 praebere
1251 1638 1260 1655 ,
1277 1614 1323 1646 ita

740 1670 778 1694 ut
789 1670 845 1694 ant
860 1663 1011 1694 victorias
1034 1664 1071 1693 in
1088 1663 1166 1704 ripis
1184 1663 1251 1693 suis
1271 1673 1322 1693 re-

741 1717 883 1752 portatas
893 1733 902 1749 ,
931 1717 988 1740 ant
1026 1708 1131 1740 clades
1174 1715 1322 1751 acceptas

741 1758 832 1799 quasi
844 1758 1000 1797 sentiant,
1014 1764 1046 1788 et
1059 1757 1174 1796 majori
1185 1757 1320 1788 minori-

739 1815 780 1835 ve
794 1804 954 1835 undarum
974 1815 1108 1836 suarum
1123 1803 1245 1846 pompa
1261 1810 1319 1835 tes-

739 1850 915 1884 tificentur.
925 1869 975 1876 -
983 1851 1141 1893 Incra'que
1148 1850 1321 1893 pra-scrip-

738 1906 806 1930 tum
821 1910 834 1929 .·
846 1899 984 1931 subaud.
996 1898 1154 1941 spatium,
1171 1897 1256 1929 iutra
1271 1908 1320 1928 as-

737 1947 879 1990 signatos
895 1947 944 1978 illi
959 1947 1085 1990 populo
1105 1946 1270 1978 terminos.
