<?xml version="1.0" encoding="UTF-8"?>
<!DOCTYPE html PUBLIC "-//W3C//DTD XHTML 1.0 Transitional//EN"
    "http://www.w3.org/TR/xhtml1/DTD/xhtml1-transitional.dtd">
<html xmlns="http://www.w3.org/1999/xhtml" xml:lang="en" lang="en">
 <head>
  <title>
</title>
<meta http-equiv="Content-Type" content="text/html;charset=utf-8" />
  <meta name='ocr-system' content='tesseract 3.04.00' />
  <meta name='ocr-capabilities' content='ocr_page ocr_carea ocr_par ocr_line ocrx_word'/>
</head>
<body>
  <div class='ocr_page' id='page_1' title='image "./quintushoratiusf01horauoft_0180.png"; bbox 0 0 1456 2508; ppageno 0'>
   <div class='ocr_carea' id='block_1_1' title="bbox 226 145 288 181">
    <p class='ocr_par' dir='ltr' id='par_1_1' title="bbox 226 145 288 181">
     <span class='ocr_line' id='line_1_1' title="bbox 226 145 288 181; baseline 0.016 -8"><span class='ocrx_word' id='word_1_1' title='bbox 226 145 288 181; x_wconf 77' lang='lat'><strong>146</strong></span> 
     </span>
    </p>
   </div>
   <div class='ocr_carea' id='block_1_2' title="bbox 1093 0 1456 83">
    <p class='ocr_par' dir='ltr' id='par_1_2' title="bbox 1093 0 1456 83">
     <span class='ocr_line' id='line_1_2' title="bbox 1093 0 1456 83; baseline 0 2425"><span class='ocrx_word' id='word_1_2' title='bbox 1093 0 1456 83; x_wconf 95' lang='lat' dir='ltr'><strong> </strong></span> 
     </span>
    </p>
   </div>
   <div class='ocr_carea' id='block_1_3' title="bbox 599 145 1032 184">
    <p class='ocr_par' dir='ltr' id='par_1_3' title="bbox 599 145 1032 184">
     <span class='ocr_line' id='line_1_3' title="bbox 599 145 1032 184; baseline 0.012 -10"><span class='ocrx_word' id='word_1_3' title='bbox 599 145 648 184; x_wconf 84' lang='lat' dir='ltr'><strong>Q.</strong></span> <span class='ocrx_word' id='word_1_4' title='bbox 674 145 857 176; x_wconf 64' lang='lat' dir='ltr'><strong>nomn-11</strong></span> <span class='ocrx_word' id='word_1_5' title='bbox 880 145 1032 179; x_wconf 55' lang='lat' dir='ltr'><strong>maeel</strong></span> 
     </span>
    </p>
   </div>
   <div class='ocr_carea' id='block_1_4' title="bbox 318 200 1410 612">
    <p class='ocr_par' dir='ltr' id='par_1_4' title="bbox 318 200 1410 612">
     <span class='ocr_line' id='line_1_4' title="bbox 373 200 1044 253; baseline 0.006 -16"><span class='ocrx_word' id='word_1_6' title='bbox 373 200 600 250; x_wconf 88' lang='lat' dir='ltr'><strong>Ludumque</strong></span> <span class='ocrx_word' id='word_1_7' title='bbox 618 203 815 248; x_wconf 80' lang='lat' dir='ltr'><strong>Fortunae,</strong></span> <span class='ocrx_word' id='word_1_8' title='bbox 835 215 1044 253; x_wconf 84' lang='lat' dir='ltr'><strong>gravesque</strong></span> 
     </span>
     <span class='ocr_line' id='line_1_5' title="bbox 422 261 1040 311; baseline 0.008 -15"><span class='ocrx_word' id='word_1_9' title='bbox 422 261 640 310; x_wconf 79' lang='lat' dir='ltr'>Principum</span> <span class='ocrx_word' id='word_1_10' title='bbox 660 262 841 300; x_wconf 88' lang='lat' dir='ltr'><strong>amicitias</strong></span> <span class='ocrx_word' id='word_1_11' title='bbox 860 271 897 300; x_wconf 88' lang='lat' dir='ltr'><strong>et</strong></span> <span class='ocrx_word' id='word_1_12' title='bbox 916 275 1040 311; x_wconf 87' lang='lat' dir='ltr'><strong>arma,</strong></span> 
     </span>
     <span class='ocr_line' id='line_1_6' title="bbox 319 320 1410 370; baseline 0.002 -11"><span class='ocrx_word' id='word_1_13' title='bbox 319 320 499 363; x_wconf 66' lang='lat' dir='ltr'><strong>Nondum</strong></span> <span class='ocrx_word' id='word_1_14' title='bbox 519 320 679 370; x_wconf 85' lang='lat' dir='ltr'><strong>expiatis</strong></span> <span class='ocrx_word' id='word_1_15' title='bbox 699 331 812 359; x_wconf 84' lang='lat' dir='ltr'><strong>uncta</strong></span> <span class='ocrx_word' id='word_1_16' title='bbox 834 322 1037 361; x_wconf 88' lang='lat' dir='ltr'><strong>cruoribus</strong></span> <span class='ocrx_word' id='word_1_17' title='bbox 1055 332 1080 369; x_wconf 75' lang='lat'><strong>²,</strong></span> <span class='ocrx_word' id='word_1_18' title='bbox 1278 350 1283 359; x_wconf 32' lang='grc' dir='ltr'>ἦ</span> <span class='ocrx_word' id='word_1_19' title='bbox 1394 335 1410 360; x_wconf 84' lang='lat'>⁵</span> 
     </span>
     <span class='ocr_line' id='line_1_7' title="bbox 319 380 963 432; baseline 0.003 -14"><span class='ocrx_word' id='word_1_20' title='bbox 319 381 544 418; x_wconf 84' lang='lat' dir='ltr'><strong>Periculosae</strong></span> <span class='ocrx_word' id='word_1_21' title='bbox 564 380 718 430; x_wconf 87' lang='lat' dir='ltr'><strong>plenum</strong></span> <span class='ocrx_word' id='word_1_22' title='bbox 737 394 834 432; x_wconf 89' lang='lat' dir='ltr'><strong>opus</strong></span> <span class='ocrx_word' id='word_1_23' title='bbox 852 382 963 430; x_wconf 83' lang='lat' dir='ltr'><strong>aleae,</strong></span> 
     </span>
     <span class='ocr_line' id='line_1_8' title="bbox 371 441 966 493; baseline 0.007 -17"><span class='ocrx_word' id='word_1_24' title='bbox 371 443 538 487; x_wconf 54' lang='lat' dir='ltr'><strong>mactas,</strong></span> <span class='ocrx_word' id='word_1_25' title='bbox 560 449 597 478; x_wconf 88' lang='lat' dir='ltr'><strong>ct</strong></span> <span class='ocrx_word' id='word_1_26' title='bbox 613 441 755 479; x_wconf 87' lang='lat' dir='ltr'><strong>incedis</strong></span> <span class='ocrx_word' id='word_1_27' title='bbox 775 455 844 492; x_wconf 86' lang='lat' dir='ltr'><strong>per</strong></span> <span class='ocrx_word' id='word_1_28' title='bbox 862 443 966 493; x_wconf 86' lang='lat' dir='ltr'><strong>ignes</strong></span> 
     </span>
     <span class='ocr_line' id='line_1_9' title="bbox 423 499 947 550; baseline 0.01 -15"><span class='ocrx_word' id='word_1_29' title='bbox 423 499 656 550; x_wconf 86' lang='lat' dir='ltr'><strong>Suppositos·</strong></span> <span class='ocrx_word' id='word_1_30' title='bbox 665 501 785 538; x_wconf 90' lang='lat' dir='ltr'><strong>cineri</strong></span> <span class='ocrx_word' id='word_1_31' title='bbox 804 502 947 540; x_wconf 88' lang='lat' dir='ltr'><strong>doloso.</strong></span> 
     </span>
     <span class='ocr_line' id='line_1_10' title="bbox 318 559 982 612; baseline 0.005 -16"><span class='ocrx_word' id='word_1_32' title='bbox 318 559 474 596; x_wconf 70' lang='lat' dir='ltr'><strong>Paulum</strong></span> <span class='ocrx_word' id='word_1_33' title='bbox 494 571 635 598; x_wconf 85' lang='lat' dir='ltr'><strong>severae</strong></span> <span class='ocrx_word' id='word_1_34' title='bbox 654 563 765 599; x_wconf 85' lang='lat' dir='ltr'><strong>Musa</strong></span> <span class='ocrx_word' id='word_1_35' title='bbox 791 561 982 612; x_wconf 85' lang='lat' dir='ltr'><strong>tragoediae</strong></span> 
     </span>
    </p>
   </div>
   <div class='ocr_carea' id='block_1_5' title="bbox 317 609 1062 672">
    <p class='ocr_par' dir='ltr' id='par_1_5' title="bbox 317 609 1062 672">
     <span class='ocr_line' id='line_1_11' title="bbox 317 609 1062 672; baseline 0.004 -16"><span class='ocrx_word' id='word_1_36' title='bbox 317 609 424 656; x_wconf 54' lang='lat' dir='ltr'><strong>D&#39;csit</strong></span> <span class='ocrx_word' id='word_1_37' title='bbox 440 619 597 656; x_wconf 81' lang='lat' dir='ltr'><strong>theatris</strong></span> <span class='ocrx_word' id='word_1_38' title='bbox 619 617 634 640; x_wconf 76' lang='lat'>³</span> <span class='ocrx_word' id='word_1_39' title='bbox 654 634 662 656; x_wconf 89' lang='lat'>:</span> <span class='ocrx_word' id='word_1_40' title='bbox 684 620 789 669; x_wconf 74' lang='lat' dir='ltr'><strong>mox,</strong></span> <span class='ocrx_word' id='word_1_41' title='bbox 807 619 873 659; x_wconf 84' lang='lat' dir='ltr'><strong>ubi</strong></span> <span class='ocrx_word' id='word_1_42' title='bbox 892 621 1062 672; x_wconf 85' lang='lat' dir='ltr'><strong>publicas</strong></span> 
     </span>
    </p>
   </div>
   <div class='ocr_carea' id='block_1_6' title="bbox 205 760 781 2283">
    <p class='ocr_par' dir='ltr' id='par_1_6' title="bbox 209 760 781 1217">
     <span class='ocr_line' id='line_1_12' title="bbox 214 760 779 802; baseline 0.002 -11"><span class='ocrx_word' id='word_1_43' title='bbox 214 771 283 791; x_wconf 85' lang='lat' dir='ltr'><strong>rum</strong></span> <span class='ocrx_word' id='word_1_44' title='bbox 300 760 501 798; x_wconf 80' lang='lat' dir='ltr'><strong>metationes,</strong></span> <span class='ocrx_word' id='word_1_45' title='bbox 517 770 657 801; x_wconf 83' lang='lat' dir='ltr'><strong>pugnas,</strong></span> <span class='ocrx_word' id='word_1_46' title='bbox 674 761 779 802; x_wconf 81' lang='lat' dir='ltr'><strong>fugas,</strong></span> 
     </span>
     <span class='ocr_line' id='line_1_13' title="bbox 213 806 781 847; baseline 0 -9"><span class='ocrx_word' id='word_1_47' title='bbox 213 814 273 838; x_wconf 86' lang='lat' dir='ltr'><strong>etc.</strong></span> <span class='ocrx_word' id='word_1_48' title='bbox 284 830 292 845; x_wconf 94' lang='lat'><strong><em>‚</em></strong></span> <span class='ocrx_word' id='word_1_49' title='bbox 308 813 368 837; x_wconf 84' lang='lat' dir='ltr'><strong>cte.</strong></span> <span class='ocrx_word' id='word_1_50' title='bbox 378 824 423 830; x_wconf 91' lang='lat'>—</span> <span class='ocrx_word' id='word_1_51' title='bbox 433 806 781 847; x_wconf 79' lang='lat' dir='ltr'><strong>Ludumqnefortunae:</strong></span> 
     </span>
     <span class='ocr_line' id='line_1_14' title="bbox 212 852 781 884; baseline 0 0"><span class='ocrx_word' id='word_1_52' title='bbox 212 864 279 884; x_wconf 87' lang='lat' dir='ltr'><strong>non</strong></span> <span class='ocrx_word' id='word_1_53' title='bbox 305 852 408 883; x_wconf 77' lang='lat' dir='ltr'><strong>solim]</strong></span> <span class='ocrx_word' id='word_1_54' title='bbox 433 854 467 882; x_wconf 90' lang='lat' dir='ltr'><strong>in</strong></span> <span class='ocrx_word' id='word_1_55' title='bbox 495 853 595 883; x_wconf 83' lang='lat' dir='ltr'><strong>solitis</strong></span> <span class='ocrx_word' id='word_1_56' title='bbox 622 853 781 884; x_wconf 87' lang='lat' dir='ltr'><strong>bellorum</strong></span> 
     </span>
     <span class='ocr_line' id='line_1_15' title="bbox 213 898 780 941; baseline 0.004 -12"><span class='ocrx_word' id='word_1_57' title='bbox 213 898 503 935; x_wconf 76' lang='lat' dir='ltr'><strong>vicissitudinibus,</strong></span> <span class='ocrx_word' id='word_1_58' title='bbox 535 899 591 929; x_wconf 90' lang='lat' dir='ltr'><strong>sed</strong></span> <span class='ocrx_word' id='word_1_59' title='bbox 620 900 780 941; x_wconf 72' lang='lat' dir='ltr'><strong>praecipue</strong></span> 
     </span>
     <span class='ocr_line' id='line_1_16' title="bbox 210 945 781 986; baseline -0.002 -9"><span class='ocrx_word' id='word_1_60' title='bbox 210 949 244 977; x_wconf 89' lang='lat' dir='ltr'><strong>iu</strong></span> <span class='ocrx_word' id='word_1_61' title='bbox 275 955 358 976; x_wconf 87' lang='lat' dir='ltr'><strong>saevo</strong></span> <span class='ocrx_word' id='word_1_62' title='bbox 386 945 523 975; x_wconf 85' lang='lat' dir='ltr'><strong>duorum</strong></span> <span class='ocrx_word' id='word_1_63' title='bbox 554 946 781 986; x_wconf 85' lang='lat' dir='ltr'><strong>imperatorum</strong></span> 
     </span>
     <span class='ocr_line' id='line_1_17' title="bbox 211 991 779 1032; baseline 0.002 -10"><span class='ocrx_word' id='word_1_64' title='bbox 211 993 274 1022; x_wconf 83' lang='lat' dir='ltr'><strong>fato</strong></span> <span class='ocrx_word' id='word_1_65' title='bbox 285 1015 293 1029; x_wconf 88' lang='lat'>‚</span> <span class='ocrx_word' id='word_1_66' title='bbox 310 1002 450 1032; x_wconf 84' lang='lat' dir='ltr'><strong>quorum</strong></span> <span class='ocrx_word' id='word_1_67' title='bbox 472 991 550 1021; x_wconf 77' lang='lat' dir='ltr'><strong>alter</strong></span> <span class='ocrx_word' id='word_1_68' title='bbox 561 1014 569 1029; x_wconf 85' lang='lat'>‚</span> <span class='ocrx_word' id='word_1_69' title='bbox 582 998 619 1021; x_wconf 91' lang='lat' dir='ltr'><strong>ut</strong></span> <span class='ocrx_word' id='word_1_70' title='bbox 636 993 678 1021; x_wconf 88' lang='lat' dir='ltr'><strong>ait</strong></span> <span class='ocrx_word' id='word_1_71' title='bbox 696 992 779 1024; x_wconf 85' lang='lat' dir='ltr'><strong>Vell.</strong></span> 
     </span>
     <span class='ocr_line' id='line_1_18' title="bbox 210 1036 780 1076; baseline 0 -8"><span class='ocrx_word' id='word_1_72' title='bbox 210 1041 332 1069; x_wconf 82' lang='lat' dir='ltr'><strong>Patere.</strong></span> <span class='ocrx_word' id='word_1_73' title='bbox 353 1039 404 1076; x_wconf 88' lang='grc' dir='ltr'><strong>ΙΙ,</strong></span> <span class='ocrx_word' id='word_1_74' title='bbox 432 1038 493 1075; x_wconf 84' lang='grc'><strong>53,</strong></span> <span class='ocrx_word' id='word_1_75' title='bbox 514 1036 578 1067; x_wconf 69' lang='lat' dir='ltr'><strong>timi</strong></span> <span class='ocrx_word' id='word_1_76' title='bbox 598 1037 780 1068; x_wconf 86' lang='lat' dir='ltr'><strong>discordan-</strong></span> 
     </span>
     <span class='ocr_line' id='line_1_19' title="bbox 210 1084 781 1124; baseline 0.002 -10"><span class='ocrx_word' id='word_1_77' title='bbox 210 1091 272 1114; x_wconf 87' lang='lat' dir='ltr'><strong>tem</strong></span> <span class='ocrx_word' id='word_1_78' title='bbox 295 1084 456 1114; x_wconf 84' lang='lat' dir='ltr'><strong>fortunam</strong></span> <span class='ocrx_word' id='word_1_79' title='bbox 482 1091 630 1124; x_wconf 81' lang='lat' dir='ltr'><strong>expertus</strong></span> <span class='ocrx_word' id='word_1_80' title='bbox 654 1091 716 1122; x_wconf 86' lang='lat' dir='ltr'><strong>est,</strong></span> <span class='ocrx_word' id='word_1_81' title='bbox 745 1092 781 1115; x_wconf 91' lang='lat' dir='ltr'><strong>ut</strong></span> 
     </span>
     <span class='ocr_line' id='line_1_20' title="bbox 211 1121 780 1161; baseline 0.002 -1"><span class='ocrx_word' id='word_1_82' title='bbox 211 1121 263 1160; x_wconf 89' lang='lat' dir='ltr'><strong>cui</strong></span> <span class='ocrx_word' id='word_1_83' title='bbox 279 1129 375 1160; x_wconf 74' lang='lat' dir='ltr'><strong>modo</strong></span> <span class='ocrx_word' id='word_1_84' title='bbox 392 1129 430 1160; x_wconf 88' lang='lat' dir='ltr'><strong>ad</strong></span> <span class='ocrx_word' id='word_1_85' title='bbox 445 1130 611 1160; x_wconf 84' lang='lat' dir='ltr'><strong>victoriam</strong></span> <span class='ocrx_word' id='word_1_86' title='bbox 631 1136 712 1160; x_wconf 87' lang='lat' dir='ltr'><strong>terra</strong></span> <span class='ocrx_word' id='word_1_87' title='bbox 729 1130 780 1161; x_wconf 84' lang='lat' dir='ltr'><strong>de-</strong></span> 
     </span>
     <span class='ocr_line' id='line_1_21' title="bbox 209 1175 778 1217; baseline 0 -10"><span class='ocrx_word' id='word_1_88' title='bbox 209 1178 334 1214; x_wconf 80' lang='lat' dir='ltr'><strong>suisset,</strong></span> <span class='ocrx_word' id='word_1_89' title='bbox 361 1176 482 1207; x_wconf 88' lang='lat' dir='ltr'><strong>deesset</strong></span> <span class='ocrx_word' id='word_1_90' title='bbox 505 1175 543 1205; x_wconf 93' lang='lat' dir='ltr'><strong>ad</strong></span> <span class='ocrx_word' id='word_1_91' title='bbox 565 1177 778 1217; x_wconf 78' lang='lat' dir='ltr'><strong>sepulturain3</strong></span> 
     </span>
    </p>

    <p class='ocr_par' dir='ltr' id='par_1_7' title="bbox 208 1221 778 1492">
     <span class='ocr_line' id='line_1_22' title="bbox 208 1221 778 1261; baseline 0.002 -8"><span class='ocrx_word' id='word_1_92' title='bbox 208 1223 286 1253; x_wconf 88' lang='lat' dir='ltr'><strong>alter</strong></span> <span class='ocrx_word' id='word_1_93' title='bbox 314 1223 391 1253; x_wconf 73' lang='lat' dir='ltr'><strong>vero</strong></span> <span class='ocrx_word' id='word_1_94' title='bbox 404 1245 412 1261; x_wconf 82' lang='lat'><strong>‚</strong></span> <span class='ocrx_word' id='word_1_95' title='bbox 442 1223 498 1252; x_wconf 84' lang='lat' dir='ltr'><strong>vix</strong></span> <span class='ocrx_word' id='word_1_96' title='bbox 524 1221 645 1252; x_wconf 60' lang='lat' dir='ltr'><strong>summai</strong></span> <span class='ocrx_word' id='word_1_97' title='bbox 673 1234 778 1254; x_wconf 85' lang='lat' dir='ltr'><strong>rerum</strong></span> 
     </span>
     <span class='ocr_line' id='line_1_23' title="bbox 208 1267 776 1309; baseline 0.004 -11"><span class='ocrx_word' id='word_1_98' title='bbox 208 1270 347 1309; x_wconf 86' lang='lat' dir='ltr'><strong>potitus,</strong></span> <span class='ocrx_word' id='word_1_99' title='bbox 362 1269 397 1299; x_wconf 87' lang='lat' dir='ltr'><strong>in</strong></span> <span class='ocrx_word' id='word_1_100' title='bbox 409 1267 504 1300; x_wconf 68' lang='lat' dir='ltr'><strong>Curi-&lt;⁴1</strong></span> <span class='ocrx_word' id='word_1_101' title='bbox 520 1268 705 1300; x_wconf 84' lang='lat' dir='ltr'><strong>interfectus</strong></span> <span class='ocrx_word' id='word_1_102' title='bbox 721 1277 776 1301; x_wconf 84' lang='lat' dir='ltr'><strong>est.</strong></span> 
     </span>
     <span class='ocr_line' id='line_1_24' title="bbox 208 1314 777 1356; baseline 0.004 -12"><span class='ocrx_word' id='word_1_103' title='bbox 208 1332 254 1338; x_wconf 82' lang='grc'><strong>--</strong></span> <span class='ocrx_word' id='word_1_104' title='bbox 281 1315 460 1356; x_wconf 79' lang='lat' dir='ltr'><strong>Gravesque</strong></span> <span class='ocrx_word' id='word_1_105' title='bbox 479 1314 660 1355; x_wconf 82' lang='lat' dir='ltr'><strong>principum</strong></span> <span class='ocrx_word' id='word_1_106' title='bbox 698 1316 777 1346; x_wconf 84' lang='lat' dir='ltr'><strong>ami-</strong></span> 
     </span>
     <span class='ocr_line' id='line_1_25' title="bbox 209 1361 776 1402; baseline 0.004 -11"><span class='ocrx_word' id='word_1_107' title='bbox 209 1361 300 1391; x_wconf 84' lang='lat' dir='ltr'><strong>citias</strong></span> <span class='ocrx_word' id='word_1_108' title='bbox 315 1372 326 1391; x_wconf 90' lang='lat'><em>:</em></span> <span class='ocrx_word' id='word_1_109' title='bbox 349 1361 454 1391; x_wconf 86' lang='lat' dir='ltr'><strong>foedus</strong></span> <span class='ocrx_word' id='word_1_110' title='bbox 475 1361 642 1402; x_wconf 84' lang='lat' dir='ltr'><strong>utriusque</strong></span> <span class='ocrx_word' id='word_1_111' title='bbox 663 1364 776 1392; x_wconf 84' lang='lat' dir='ltr'><strong>trium-</strong></span> 
     </span>
     <span class='ocr_line' id='line_1_26' title="bbox 209 1405 776 1450; baseline 0.002 -12"><span class='ocrx_word' id='word_1_112' title='bbox 209 1405 344 1446; x_wconf 65' lang='lat' dir='ltr'><strong>viratus,</strong></span> <span class='ocrx_word' id='word_1_113' title='bbox 372 1409 419 1438; x_wconf 89' lang='lat' dir='ltr'><strong>rei</strong></span> <span class='ocrx_word' id='word_1_114' title='bbox 445 1407 582 1448; x_wconf 88' lang='lat' dir='ltr'><strong>publicae</strong></span> <span class='ocrx_word' id='word_1_115' title='bbox 603 1418 720 1450; x_wconf 81' lang='lat' dir='ltr'><strong>grave,</strong></span> <span class='ocrx_word' id='word_1_116' title='bbox 743 1409 776 1439; x_wconf 87' lang='lat' dir='ltr'><strong>id</strong></span> 
     </span>
     <span class='ocr_line' id='line_1_27' title="bbox 208 1455 472 1492; baseline 0 -8"><span class='ocrx_word' id='word_1_117' title='bbox 208 1461 271 1492; x_wconf 85' lang='lat' dir='ltr'><strong>est,</strong></span> <span class='ocrx_word' id='word_1_118' title='bbox 290 1455 472 1484; x_wconf 83' lang='lat' dir='ltr'><strong>exitiosum.</strong></span> 
     </span>
    </p>

    <p class='ocr_par' dir='ltr' id='par_1_8' title="bbox 205 1499 778 2283">
     <span class='ocr_line' id='line_1_28' title="bbox 257 1499 777 1540; baseline 0.002 -10"><span class='ocrx_word' id='word_1_119' title='bbox 257 1511 287 1531; x_wconf 84' lang='lat'><strong>2.</strong></span> <span class='ocrx_word' id='word_1_120' title='bbox 314 1500 467 1535; x_wconf 75' lang='lat' dir='ltr'><strong>Nondicm</strong></span> <span class='ocrx_word' id='word_1_121' title='bbox 496 1499 635 1540; x_wconf 78' lang='lat' dir='ltr'><strong>expiatis</strong></span> <span class='ocrx_word' id='word_1_122' title='bbox 662 1502 777 1531; x_wconf 80' lang='lat' dir='ltr'><strong>cruori-</strong></span> 
     </span>
     <span class='ocr_line' id='line_1_29' title="bbox 208 1546 771 1588; baseline 0.005 -12"><span class='ocrx_word' id='word_1_123' title='bbox 208 1547 288 1576; x_wconf 77' lang='lat' dir='ltr'><strong>bus:</strong></span> <span class='ocrx_word' id='word_1_124' title='bbox 315 1553 352 1576; x_wconf 89' lang='lat' dir='ltr'><strong>ut</strong></span> <span class='ocrx_word' id='word_1_125' title='bbox 377 1546 489 1587; x_wconf 68' lang='lat' dir='ltr'><strong>supra,</strong></span> <span class='ocrx_word' id='word_1_126' title='bbox 508 1546 568 1577; x_wconf 88' lang='lat' dir='ltr'><strong>Od.</strong></span> <span class='ocrx_word' id='word_1_127' title='bbox 593 1549 626 1583; x_wconf 93' lang='grc' dir='ltr'><strong>Ι,</strong></span> <span class='ocrx_word' id='word_1_128' title='bbox 645 1557 681 1585; x_wconf 85' lang='lat'><strong>2,</strong></span> <span class='ocrx_word' id='word_1_129' title='bbox 713 1558 771 1588; x_wconf 86' lang='lat'><strong>29:</strong></span> 
     </span>
     <span class='ocr_line' id='line_1_30' title="bbox 207 1592 778 1634; baseline 0.004 -12"><span class='ocrx_word' id='word_1_130' title='bbox 207 1593 260 1623; x_wconf 80' lang='lat' dir='ltr'><strong>cni</strong></span> <span class='ocrx_word' id='word_1_131' title='bbox 275 1592 366 1622; x_wconf 83' lang='lat' dir='ltr'><strong>dabit</strong></span> <span class='ocrx_word' id='word_1_132' title='bbox 373 1600 483 1632; x_wconf 76' lang='lat' dir='ltr'><strong>partes</strong></span> <span class='ocrx_word' id='word_1_133' title='bbox 501 1593 600 1623; x_wconf 79' lang='lat' dir='ltr'><strong>scelus</strong></span> <span class='ocrx_word' id='word_1_134' title='bbox 618 1593 778 1634; x_wconf 78' lang='lat' dir='ltr'><strong>expiandi</strong></span> 
     </span>
     <span class='ocr_line' id='line_1_31' title="bbox 207 1638 775 1681; baseline 0.005 -13"><span class='ocrx_word' id='word_1_135' title='bbox 207 1639 338 1680; x_wconf 74' lang='lat' dir='ltr'><strong>Jupiter.</strong></span> <span class='ocrx_word' id='word_1_136' title='bbox 349 1638 421 1669; x_wconf 69' lang='lat' dir='ltr'><strong>Jam</strong></span> <span class='ocrx_word' id='word_1_137' title='bbox 435 1639 510 1669; x_wconf 72' lang='lat' dir='ltr'><strong>vero</strong></span> <span class='ocrx_word' id='word_1_138' title='bbox 521 1661 529 1676; x_wconf 89' lang='lat'>‚</span> <span class='ocrx_word' id='word_1_139' title='bbox 543 1650 608 1680; x_wconf 91' lang='lat' dir='ltr'><strong>quo</strong></span> <span class='ocrx_word' id='word_1_140' title='bbox 634 1646 775 1681; x_wconf 85' lang='lat' dir='ltr'><strong>tempore</strong></span> 
     </span>
     <span class='ocr_line' id='line_1_32' title="bbox 207 1685 774 1724; baseline 0.002 -9"><span class='ocrx_word' id='word_1_141' title='bbox 207 1685 363 1715; x_wconf 74' lang='lat' dir='ltr'><strong>scribebat</strong></span> <span class='ocrx_word' id='word_1_142' title='bbox 381 1687 492 1715; x_wconf 86' lang='lat' dir='ltr'><strong>Horat.</strong></span> <span class='ocrx_word' id='word_1_143' title='bbox 515 1685 553 1714; x_wconf 81' lang='lat' dir='ltr'><strong>ad</strong></span> <span class='ocrx_word' id='word_1_144' title='bbox 582 1686 774 1724; x_wconf 88' lang='lat' dir='ltr'><strong>Pollionem,</strong></span> 
     </span>
     <span class='ocr_line' id='line_1_33' title="bbox 208 1729 776 1772; baseline 0.002 -9"><span class='ocrx_word' id='word_1_145' title='bbox 208 1729 353 1762; x_wconf 74' lang='lat' dir='ltr'><strong>nondum</strong></span> <span class='ocrx_word' id='word_1_146' title='bbox 381 1731 466 1761; x_wconf 76' lang='lat' dir='ltr'><strong>recte</strong></span> <span class='ocrx_word' id='word_1_147' title='bbox 507 1733 681 1772; x_wconf 84' lang='lat' dir='ltr'><strong>composita</strong></span> <span class='ocrx_word' id='word_1_148' title='bbox 711 1741 776 1764; x_wconf 86' lang='lat' dir='ltr'><strong>erat</strong></span> 
     </span>
     <span class='ocr_line' id='line_1_34' title="bbox 207 1777 776 1819; baseline 0.004 -11"><span class='ocrx_word' id='word_1_149' title='bbox 207 1777 400 1819; x_wconf 83' lang='lat' dir='ltr'><strong>respublica,</strong></span> <span class='ocrx_word' id='word_1_150' title='bbox 416 1784 447 1808; x_wconf 90' lang='lat' dir='ltr'><strong>et</strong></span> <span class='ocrx_word' id='word_1_151' title='bbox 463 1777 619 1808; x_wconf 82' lang='lat' dir='ltr'><strong>bellorum</strong></span> <span class='ocrx_word' id='word_1_152' title='bbox 634 1778 776 1810; x_wconf 84' lang='lat' dir='ltr'><strong>civilium</strong></span> 
     </span>
     <span class='ocr_line' id='line_1_35' title="bbox 207 1822 775 1864; baseline 0.004 -10"><span class='ocrx_word' id='word_1_153' title='bbox 207 1823 308 1854; x_wconf 83' lang='lat' dir='ltr'><strong>scelus</strong></span> <span class='ocrx_word' id='word_1_154' title='bbox 327 1823 418 1854; x_wconf 90' lang='lat' dir='ltr'><strong>nullo</strong></span> <span class='ocrx_word' id='word_1_155' title='bbox 434 1822 536 1853; x_wconf 77' lang='lat' dir='ltr'><strong>adhuc</strong></span> <span class='ocrx_word' id='word_1_156' title='bbox 555 1824 682 1864; x_wconf 88' lang='lat' dir='ltr'><strong>piaculo</strong></span> <span class='ocrx_word' id='word_1_157' title='bbox 700 1825 775 1856; x_wconf 85' lang='lat' dir='ltr'><strong>aho-</strong></span> 
     </span>
     <span class='ocr_line' id='line_1_36' title="bbox 206 1869 776 1911; baseline 0.004 -11"><span class='ocrx_word' id='word_1_158' title='bbox 206 1871 310 1901; x_wconf 89' lang='lat' dir='ltr'><strong>litum.</strong></span> <span class='ocrx_word' id='word_1_159' title='bbox 343 1887 388 1894; x_wconf 80' lang='lat'><strong>-—</strong></span> <span class='ocrx_word' id='word_1_160' title='bbox 420 1869 610 1900; x_wconf 73' lang='lat' dir='ltr'><strong>Periculosae</strong></span> <span class='ocrx_word' id='word_1_161' title='bbox 642 1871 776 1911; x_wconf 80' lang='lat' dir='ltr'><strong>plenum</strong></span> 
     </span>
     <span class='ocr_line' id='line_1_37' title="bbox 208 1917 776 1958; baseline 0.004 -12"><span class='ocrx_word' id='word_1_162' title='bbox 208 1927 285 1958; x_wconf 79' lang='lat' dir='ltr'><strong>opus</strong></span> <span class='ocrx_word' id='word_1_163' title='bbox 306 1917 390 1947; x_wconf 80' lang='lat' dir='ltr'><strong>aleae</strong></span> <span class='ocrx_word' id='word_1_164' title='bbox 402 1927 414 1946; x_wconf 93' lang='grc'><strong>.·</strong></span> <span class='ocrx_word' id='word_1_165' title='bbox 430 1926 523 1957; x_wconf 81' lang='lat' dir='ltr'><strong>grave</strong></span> <span class='ocrx_word' id='word_1_166' title='bbox 538 1917 623 1946; x_wconf 81' lang='lat' dir='ltr'><strong>enim</strong></span> <span class='ocrx_word' id='word_1_167' title='bbox 641 1925 706 1948; x_wconf 84' lang='lat' dir='ltr'><strong>erat</strong></span> <span class='ocrx_word' id='word_1_168' title='bbox 723 1929 776 1958; x_wconf 87' lang='lat' dir='ltr'><strong>pe-</strong></span> 
     </span>
     <span class='ocr_line' id='line_1_38' title="bbox 205 1962 775 2000; baseline 0 -6"><span class='ocrx_word' id='word_1_169' title='bbox 205 1963 344 1994; x_wconf 83' lang='lat' dir='ltr'><strong>riculum</strong></span> <span class='ocrx_word' id='word_1_170' title='bbox 354 1973 394 1993; x_wconf 85' lang='lat' dir='ltr'><strong>ne</strong></span> <span class='ocrx_word' id='word_1_171' title='bbox 402 1963 504 1994; x_wconf 92' lang='lat' dir='ltr'><strong>Pollio</strong></span> <span class='ocrx_word' id='word_1_172' title='bbox 514 1985 522 2000; x_wconf 92' lang='lat'>‚</span> <span class='ocrx_word' id='word_1_173' title='bbox 537 1962 700 1994; x_wconf 82' lang='lat' dir='ltr'><strong>historiam</strong></span> <span class='ocrx_word' id='word_1_174' title='bbox 711 1963 775 1995; x_wconf 71' lang='lat' dir='ltr'><strong>tam</strong></span> 
     </span>
     <span class='ocr_line' id='line_1_39' title="bbox 208 2008 775 2047; baseline 0 -7"><span class='ocrx_word' id='word_1_175' title='bbox 208 2016 366 2040; x_wconf 80' lang='lat' dir='ltr'><strong>recentem</strong></span> <span class='ocrx_word' id='word_1_176' title='bbox 380 2008 548 2040; x_wconf 85' lang='lat' dir='ltr'><strong>scribendo</strong></span> <span class='ocrx_word' id='word_1_177' title='bbox 559 2031 567 2047; x_wconf 91' lang='lat'><strong>,</strong></span> <span class='ocrx_word' id='word_1_178' title='bbox 582 2016 637 2039; x_wconf 85' lang='lat' dir='ltr'><strong>aut</strong></span> <span class='ocrx_word' id='word_1_179' title='bbox 659 2012 775 2040; x_wconf 81' lang='lat' dir='ltr'><strong>verita-</strong></span> 
     </span>
     <span class='ocr_line' id='line_1_40' title="bbox 207 2055 774 2094; baseline 0.002 -8"><span class='ocrx_word' id='word_1_180' title='bbox 207 2063 271 2086; x_wconf 85' lang='lat' dir='ltr'><strong>tem</strong></span> <span class='ocrx_word' id='word_1_181' title='bbox 289 2055 431 2094; x_wconf 81' lang='lat' dir='ltr'><strong>laederet,</strong></span> <span class='ocrx_word' id='word_1_182' title='bbox 451 2062 506 2086; x_wconf 82' lang='lat' dir='ltr'><strong>aut</strong></span> <span class='ocrx_word' id='word_1_183' title='bbox 528 2057 563 2087; x_wconf 89' lang='lat' dir='ltr'><strong>in</strong></span> <span class='ocrx_word' id='word_1_184' title='bbox 589 2057 774 2087; x_wconf 85' lang='lat' dir='ltr'><strong>metuendas</strong></span> 
     </span>
     <span class='ocr_line' id='line_1_41' title="bbox 206 2101 774 2143; baseline 0.002 -11"><span class='ocrx_word' id='word_1_185' title='bbox 206 2103 387 2143; x_wconf 77' lang='lat' dir='ltr'><strong>potentium</strong></span> <span class='ocrx_word' id='word_1_186' title='bbox 421 2101 564 2133; x_wconf 86' lang='lat' dir='ltr'><strong>virorum</strong></span> <span class='ocrx_word' id='word_1_187' title='bbox 594 2102 774 2133; x_wconf 85' lang='lat' dir='ltr'><strong>inimicitias</strong></span> 
     </span>
     <span class='ocr_line' id='line_1_42' title="bbox 206 2146 774 2189; baseline 0.004 -12"><span class='ocrx_word' id='word_1_188' title='bbox 206 2149 402 2185; x_wconf 59' lang='lat' dir='ltr'><strong>incurrerem</strong></span> <span class='ocrx_word' id='word_1_189' title='bbox 422 2147 508 2189; x_wconf 90' lang='lat' dir='ltr'><strong>quod</strong></span> <span class='ocrx_word' id='word_1_190' title='bbox 521 2146 617 2189; x_wconf 61' lang='lat' dir='ltr'><strong>quAm</strong></span> <span class='ocrx_word' id='word_1_191' title='bbox 631 2149 671 2179; x_wconf 87' lang='lat' dir='ltr'><strong>sit</strong></span> <span class='ocrx_word' id='word_1_192' title='bbox 689 2148 774 2179; x_wconf 82' lang='lat' dir='ltr'><strong>diffi-</strong></span> 
     </span>
     <span class='ocr_line' id='line_1_43' title="bbox 208 2194 773 2237; baseline 0.004 -13"><span class='ocrx_word' id='word_1_193' title='bbox 208 2194 266 2224; x_wconf 87' lang='lat' dir='ltr'><strong>cile</strong></span> <span class='ocrx_word' id='word_1_194' title='bbox 284 2204 343 2224; x_wconf 84' lang='lat' dir='ltr'><strong>nos</strong></span> <span class='ocrx_word' id='word_1_195' title='bbox 358 2194 560 2236; x_wconf 79' lang='lat' dir='ltr'><strong>intelligimus</strong></span> <span class='ocrx_word' id='word_1_196' title='bbox 570 2217 579 2233; x_wconf 90' lang='lat'>‚</span> <span class='ocrx_word' id='word_1_197' title='bbox 594 2195 669 2235; x_wconf 85' lang='lat' dir='ltr'><strong>qui,</strong></span> <span class='ocrx_word' id='word_1_198' title='bbox 683 2195 700 2225; x_wconf 72' lang='lat' dir='ltr'><strong>e</strong></span> <span class='ocrx_word' id='word_1_199' title='bbox 715 2206 773 2237; x_wconf 84' lang='lat' dir='ltr'><strong>pu-</strong></span> 
     </span>
     <span class='ocr_line' id='line_1_44' title="bbox 207 2240 773 2283; baseline 0.004 -13"><span class='ocrx_word' id='word_1_200' title='bbox 207 2240 298 2271; x_wconf 85' lang='lat' dir='ltr'><strong>blicis</strong></span> <span class='ocrx_word' id='word_1_201' title='bbox 315 2251 443 2283; x_wconf 87' lang='lat' dir='ltr'><strong>quoque</strong></span> <span class='ocrx_word' id='word_1_202' title='bbox 461 2241 699 2282; x_wconf 83' lang='lat' dir='ltr'><strong>tempestatibus</strong></span> <span class='ocrx_word' id='word_1_203' title='bbox 718 2243 773 2272; x_wconf 85' lang='lat' dir='ltr'><strong>vix</strong></span> 
     </span>
    </p>
   </div>
   <div class='ocr_carea' id='block_1_7' title="bbox 1377 642 1407 659">
    <p class='ocr_par' dir='ltr' id='par_1_9' title="bbox 1377 642 1407 659">
     <span class='ocr_line' id='line_1_45' title="bbox 1377 642 1407 659; baseline 0.033 -1"><span class='ocrx_word' id='word_1_204' title='bbox 1377 642 1407 659; x_wconf 81' lang='lat'><strong>10</strong></span> 
     </span>
    </p>
   </div>
   <div class='ocr_carea' id='block_1_8' title="bbox 833 760 1407 1081">
    <p class='ocr_par' dir='ltr' id='par_1_10' title="bbox 833 760 1407 1081">
     <span class='ocr_line' id='line_1_46' title="bbox 835 760 1407 804; baseline 0.003 -12"><span class='ocrx_word' id='word_1_205' title='bbox 835 768 1030 802; x_wconf 81' lang='lat' dir='ltr'><strong>emergentes</strong></span> <span class='ocrx_word' id='word_1_206' title='bbox 1041 784 1050 799; x_wconf 85' lang='lat'><strong>,</strong></span> <span class='ocrx_word' id='word_1_207' title='bbox 1065 760 1153 792; x_wconf 77' lang='lat' dir='ltr'><strong>nunc</strong></span> <span class='ocrx_word' id='word_1_208' title='bbox 1167 762 1320 793; x_wconf 84' lang='lat' dir='ltr'><strong>fluctibus</strong></span> <span class='ocrx_word' id='word_1_209' title='bbox 1332 773 1407 804; x_wconf 84' lang='lat' dir='ltr'><strong>qua-</strong></span> 
     </span>
     <span class='ocr_line' id='line_1_47' title="bbox 834 808 1406 851; baseline 0.005 -14"><span class='ocrx_word' id='word_1_210' title='bbox 834 809 860 838; x_wconf 89' lang='lat' dir='ltr'><strong>si</strong></span> <span class='ocrx_word' id='word_1_211' title='bbox 883 808 1051 838; x_wconf 85' lang='lat' dir='ltr'><strong>obruimur</strong></span> <span class='ocrx_word' id='word_1_212' title='bbox 1068 809 1251 847; x_wconf 81' lang='lat' dir='ltr'><strong>Annalium,</strong></span> <span class='ocrx_word' id='word_1_213' title='bbox 1276 810 1312 839; x_wconf 87' lang='lat' dir='ltr'><strong>in</strong></span> <span class='ocrx_word' id='word_1_214' title='bbox 1335 811 1406 851; x_wconf 86' lang='lat' dir='ltr'><strong>qui-</strong></span> 
     </span>
     <span class='ocr_line' id='line_1_48' title="bbox 834 854 1403 894; baseline 0.004 -10"><span class='ocrx_word' id='word_1_215' title='bbox 834 854 892 884; x_wconf 82' lang='lat' dir='ltr'><strong>bus</strong></span> <span class='ocrx_word' id='word_1_216' title='bbox 918 865 985 884; x_wconf 90' lang='lat' dir='ltr'><strong>non</strong></span> <span class='ocrx_word' id='word_1_217' title='bbox 1008 854 1047 884; x_wconf 86' lang='lat' dir='ltr'><strong>ad</strong></span> <span class='ocrx_word' id='word_1_218' title='bbox 1074 857 1140 885; x_wconf 89' lang='lat' dir='ltr'><strong>veri</strong></span> <span class='ocrx_word' id='word_1_219' title='bbox 1167 865 1330 894; x_wconf 82' lang='lat' dir='ltr'><strong>normam,</strong></span> <span class='ocrx_word' id='word_1_220' title='bbox 1349 856 1403 887; x_wconf 89' lang='lat' dir='ltr'><strong>sed</strong></span> 
     </span>
     <span class='ocr_line' id='line_1_49' title="bbox 835 900 1406 942; baseline 0.004 -12"><span class='ocrx_word' id='word_1_221' title='bbox 835 901 1045 942; x_wconf 83' lang='lat' dir='ltr'><strong>cupiditatum</strong></span> <span class='ocrx_word' id='word_1_222' title='bbox 1053 923 1061 938; x_wconf 89' lang='lat'><strong>,</strong></span> <span class='ocrx_word' id='word_1_223' title='bbox 1078 900 1226 932; x_wconf 86' lang='lat' dir='ltr'><strong>odiorum</strong></span> <span class='ocrx_word' id='word_1_224' title='bbox 1237 924 1246 940; x_wconf 92' lang='lat'><strong>,</strong></span> <span class='ocrx_word' id='word_1_225' title='bbox 1259 902 1406 942; x_wconf 82' lang='lat' dir='ltr'><strong>inprimis</strong></span> 
     </span>
     <span class='ocr_line' id='line_1_50' title="bbox 834 946 1402 979; baseline 0.004 -3"><span class='ocrx_word' id='word_1_226' title='bbox 834 946 1075 977; x_wconf 79' lang='lat' dir='ltr'><strong>commodorum</strong></span> <span class='ocrx_word' id='word_1_227' title='bbox 1104 957 1235 977; x_wconf 85' lang='lat' dir='ltr'><strong>suorum</strong></span> <span class='ocrx_word' id='word_1_228' title='bbox 1268 947 1402 979; x_wconf 82' lang='lat' dir='ltr'><strong>arbitrio</strong></span> 
     </span>
     <span class='ocr_line' id='line_1_51' title="bbox 833 993 1403 1034; baseline 0.002 -11"><span class='ocrx_word' id='word_1_229' title='bbox 833 1004 882 1023; x_wconf 86' lang='lat' dir='ltr'><strong>res</strong></span> <span class='ocrx_word' id='word_1_230' title='bbox 905 1000 936 1023; x_wconf 84' lang='lat' dir='ltr'><strong>et</strong></span> <span class='ocrx_word' id='word_1_231' title='bbox 961 993 1105 1023; x_wconf 87' lang='lat' dir='ltr'><strong>homines</strong></span> <span class='ocrx_word' id='word_1_232' title='bbox 1130 994 1264 1034; x_wconf 85' lang='lat' dir='ltr'><strong>quisque</strong></span> <span class='ocrx_word' id='word_1_233' title='bbox 1287 993 1403 1033; x_wconf 85' lang='lat' dir='ltr'><strong>dijudi-</strong></span> 
     </span>
     <span class='ocr_line' id='line_1_52' title="bbox 834 1039 1404 1081; baseline 0 -11"><span class='ocrx_word' id='word_1_234' title='bbox 834 1046 892 1070; x_wconf 84' lang='lat' dir='ltr'><strong>cat.</strong></span> <span class='ocrx_word' id='word_1_235' title='bbox 907 1040 957 1070; x_wconf 86' lang='lat' dir='ltr'><strong>Sic</strong></span> <span class='ocrx_word' id='word_1_236' title='bbox 974 1039 1078 1070; x_wconf 79' lang='lat' dir='ltr'><strong>autem</strong></span> <span class='ocrx_word' id='word_1_237' title='bbox 1090 1039 1231 1081; x_wconf 80' lang='lat' dir='ltr'><strong>intellige</strong></span> <span class='ocrx_word' id='word_1_238' title='bbox 1246 1050 1324 1080; x_wconf 83' lang='lat' dir='ltr'><strong>opus</strong></span> <span class='ocrx_word' id='word_1_239' title='bbox 1333 1041 1404 1081; x_wconf 82' lang='lat' dir='ltr'><strong>ple-</strong></span> 
     </span>
    </p>
   </div>
   <div class='ocr_carea' id='block_1_9' title="bbox 834 1085 1456 1126">
    <p class='ocr_par' dir='ltr' id='par_1_11' title="bbox 834 1085 1456 1126">
     <span class='ocr_line' id='line_1_53' title="bbox 834 1085 1456 1126; baseline 0.003 -11"><span class='ocrx_word' id='word_1_240' title='bbox 834 1096 908 1116; x_wconf 82' lang='lat' dir='ltr'><strong>num</strong></span> <span class='ocrx_word' id='word_1_241' title='bbox 922 1086 1004 1116; x_wconf 78' lang='lat' dir='ltr'><strong>aleoe</strong></span> <span class='ocrx_word' id='word_1_242' title='bbox 1015 1085 1212 1126; x_wconf 71' lang='lat' dir='ltr'><strong>periculosae.</strong></span> <span class='ocrx_word' id='word_1_243' title='bbox 1232 1087 1402 1117; x_wconf 82' lang='lat' dir='ltr'><strong>Mutantur</strong></span> <span class='ocrx_word' id='word_1_244' title='bbox 1454 1105 1456 1126; x_wconf 73' lang='lat'><em>1</em></span> 
     </span>
    </p>
   </div>
   <div class='ocr_carea' id='block_1_10' title="bbox 834 1131 1401 1170">
    <p class='ocr_par' dir='ltr' id='par_1_12' title="bbox 834 1131 1401 1170">
     <span class='ocr_line' id='line_1_54' title="bbox 834 1131 1401 1170; baseline 0 -8"><span class='ocrx_word' id='word_1_245' title='bbox 834 1143 907 1162; x_wconf 86' lang='lat' dir='ltr'><strong>cum</strong></span> <span class='ocrx_word' id='word_1_246' title='bbox 920 1132 1085 1162; x_wconf 86' lang='lat' dir='ltr'><strong>eventibus</strong></span> <span class='ocrx_word' id='word_1_247' title='bbox 1096 1154 1105 1170; x_wconf 87' lang='lat'><strong><em>‚</em></strong></span> <span class='ocrx_word' id='word_1_248' title='bbox 1120 1131 1240 1162; x_wconf 86' lang='lat' dir='ltr'><strong>ducum</strong></span> <span class='ocrx_word' id='word_1_249' title='bbox 1253 1139 1284 1162; x_wconf 83' lang='lat' dir='ltr'><strong>et</strong></span> <span class='ocrx_word' id='word_1_250' title='bbox 1299 1131 1401 1163; x_wconf 86' lang='lat' dir='ltr'><strong>domi-</strong></span> 
     </span>
    </p>
   </div>
   <div class='ocr_carea' id='block_1_11' title="bbox 833 1174 1456 1219">
    <p class='ocr_par' dir='ltr' id='par_1_13' title="bbox 833 1174 1456 1219">
     <span class='ocr_line' id='line_1_55' title="bbox 833 1174 1456 1219; baseline -0.002 -11"><span class='ocrx_word' id='word_1_251' title='bbox 833 1179 980 1208; x_wconf 84' lang='lat' dir='ltr'><strong>nantium</strong></span> <span class='ocrx_word' id='word_1_252' title='bbox 994 1177 1112 1216; x_wconf 81' lang='lat' dir='ltr'><strong>studia,</strong></span> <span class='ocrx_word' id='word_1_253' title='bbox 1128 1177 1171 1208; x_wconf 62' lang='lat' dir='ltr'><strong>ita</strong></span> <span class='ocrx_word' id='word_1_254' title='bbox 1183 1185 1230 1215; x_wconf 86' lang='lat' dir='ltr'><strong>ut,</strong></span> <span class='ocrx_word' id='word_1_255' title='bbox 1240 1177 1327 1219; x_wconf 84' lang='lat' dir='ltr'><strong>quod</strong></span> <span class='ocrx_word' id='word_1_256' title='bbox 1341 1188 1401 1208; x_wconf 85' lang='lat' dir='ltr'><strong>nu·</strong></span> <span class='ocrx_word' id='word_1_257' title='bbox 1452 1174 1456 1206; x_wconf 69' lang='grc' dir='ltr'>Ξ</span> 
     </span>
    </p>
   </div>
   <div class='ocr_carea' id='block_1_12' title="bbox 831 1223 1450 1265">
    <p class='ocr_par' dir='ltr' id='par_1_14' title="bbox 831 1223 1450 1265">
     <span class='ocr_line' id='line_1_56' title="bbox 831 1223 1450 1265; baseline 0.002 -11"><span class='ocrx_word' id='word_1_258' title='bbox 831 1224 888 1265; x_wconf 79' lang='lat' dir='ltr'><strong>per</strong></span> <span class='ocrx_word' id='word_1_259' title='bbox 910 1225 1044 1254; x_wconf 86' lang='lat' dir='ltr'><strong>amicum</strong></span> <span class='ocrx_word' id='word_1_260' title='bbox 1059 1230 1114 1254; x_wconf 88' lang='lat' dir='ltr'><strong>aut</strong></span> <span class='ocrx_word' id='word_1_261' title='bbox 1133 1223 1247 1255; x_wconf 87' lang='lat' dir='ltr'><strong>hostile</strong></span> <span class='ocrx_word' id='word_1_262' title='bbox 1265 1223 1401 1255; x_wconf 84' lang='lat' dir='ltr'><strong>habeba·</strong></span> <span class='ocrx_word' id='word_1_263' title='bbox 1446 1240 1450 1249; x_wconf 54' lang='lat' dir='ltr'>v</span> 
     </span>
    </p>
   </div>
   <div class='ocr_carea' id='block_1_13' title="bbox 827 1269 1401 1589">
    <p class='ocr_par' dir='ltr' id='par_1_15' title="bbox 827 1269 1401 1589">
     <span class='ocr_line' id='line_1_57' title="bbox 831 1269 1401 1309; baseline 0.002 -9"><span class='ocrx_word' id='word_1_264' title='bbox 831 1278 903 1309; x_wconf 91' lang='lat' dir='ltr'><strong>tur,</strong></span> <span class='ocrx_word' id='word_1_265' title='bbox 929 1280 1083 1300; x_wconf 86' lang='lat' dir='ltr'><strong>converso</strong></span> <span class='ocrx_word' id='word_1_266' title='bbox 1103 1280 1210 1300; x_wconf 87' lang='lat' dir='ltr'><strong>rerum</strong></span> <span class='ocrx_word' id='word_1_267' title='bbox 1230 1276 1331 1308; x_wconf 81' lang='lat' dir='ltr'><strong>statu,</strong></span> <span class='ocrx_word' id='word_1_268' title='bbox 1354 1269 1401 1301; x_wconf 88' lang='lat' dir='ltr'><strong>di-</strong></span> 
     </span>
     <span class='ocr_line' id='line_1_58' title="bbox 830 1316 1399 1357; baseline 0.002 -11"><span class='ocrx_word' id='word_1_269' title='bbox 830 1317 917 1347; x_wconf 68' lang='lat' dir='ltr'><strong>verse</strong></span> <span class='ocrx_word' id='word_1_270' title='bbox 941 1317 1072 1346; x_wconf 82' lang='lat' dir='ltr'><strong>omnino</strong></span> <span class='ocrx_word' id='word_1_271' title='bbox 1095 1317 1284 1357; x_wconf 81' lang='lat' dir='ltr'><strong>inspiciant,</strong></span> <span class='ocrx_word' id='word_1_272' title='bbox 1307 1323 1339 1347; x_wconf 87' lang='lat' dir='ltr'><strong>et</strong></span> <span class='ocrx_word' id='word_1_273' title='bbox 1360 1316 1399 1347; x_wconf 88' lang='lat' dir='ltr'><strong>ab</strong></span> 
     </span>
     <span class='ocr_line' id='line_1_59' title="bbox 829 1363 1400 1403; baseline 0.002 -10"><span class='ocrx_word' id='word_1_274' title='bbox 829 1363 896 1393; x_wconf 85' lang='lat' dir='ltr'><strong>aliis</strong></span> <span class='ocrx_word' id='word_1_275' title='bbox 938 1363 1051 1403; x_wconf 85' lang='lat' dir='ltr'><strong>inspici</strong></span> <span class='ocrx_word' id='word_1_276' title='bbox 1087 1369 1251 1403; x_wconf 84' lang='lat' dir='ltr'><strong>exoptent.</strong></span> <span class='ocrx_word' id='word_1_277' title='bbox 1293 1364 1400 1394; x_wconf 68' lang='lat' dir='ltr'><strong>Haeret</strong></span> 
     </span>
     <span class='ocr_line' id='line_1_60' title="bbox 828 1407 1400 1451; baseline 0 -12"><span class='ocrx_word' id='word_1_278' title='bbox 828 1410 962 1450; x_wconf 88' lang='lat' dir='ltr'><strong>scriptor</strong></span> <span class='ocrx_word' id='word_1_279' title='bbox 1011 1410 1180 1451; x_wconf 81' lang='lat' dir='ltr'><strong>ignorans,</strong></span> <span class='ocrx_word' id='word_1_280' title='bbox 1217 1407 1260 1440; x_wconf 66' lang='lat' dir='ltr'><strong>an</strong></span> <span class='ocrx_word' id='word_1_281' title='bbox 1274 1431 1284 1448; x_wconf 88' lang='lat'><strong>,</strong></span> <span class='ocrx_word' id='word_1_282' title='bbox 1321 1407 1400 1440; x_wconf 77' lang='lat' dir='ltr'><strong>dum</strong></span> 
     </span>
     <span class='ocr_line' id='line_1_61' title="bbox 827 1455 1398 1486; baseline 0 0"><span class='ocrx_word' id='word_1_283' title='bbox 827 1456 959 1486; x_wconf 85' lang='lat' dir='ltr'><strong>illorum</strong></span> <span class='ocrx_word' id='word_1_284' title='bbox 987 1455 1100 1486; x_wconf 83' lang='lat' dir='ltr'><strong>studiis</strong></span> <span class='ocrx_word' id='word_1_285' title='bbox 1127 1455 1232 1486; x_wconf 78' lang='lat' dir='ltr'><strong>favere</strong></span> <span class='ocrx_word' id='word_1_286' title='bbox 1258 1465 1291 1486; x_wconf 80' lang='lat' dir='ltr'><strong>se</strong></span> <span class='ocrx_word' id='word_1_287' title='bbox 1314 1455 1398 1486; x_wconf 79' lang='lat' dir='ltr'><strong>arbi-</strong></span> 
     </span>
     <span class='ocr_line' id='line_1_62' title="bbox 829 1500 1399 1542; baseline 0 -11"><span class='ocrx_word' id='word_1_288' title='bbox 829 1509 949 1540; x_wconf 83' lang='lat' dir='ltr'><strong>tratur,</strong></span> <span class='ocrx_word' id='word_1_289' title='bbox 968 1512 1034 1532; x_wconf 88' lang='lat' dir='ltr'><strong>non</strong></span> <span class='ocrx_word' id='word_1_290' title='bbox 1054 1512 1088 1532; x_wconf 88' lang='lat' dir='ltr'><strong>ea</strong></span> <span class='ocrx_word' id='word_1_291' title='bbox 1110 1502 1126 1532; x_wconf 76' lang='grc' dir='ltr'>ὲ</span> <span class='ocrx_word' id='word_1_292' title='bbox 1152 1500 1264 1532; x_wconf 52' lang='lat' dir='ltr'><strong>contr&amp;</strong></span> <span class='ocrx_word' id='word_1_293' title='bbox 1281 1502 1399 1542; x_wconf 83' lang='lat' dir='ltr'><strong>gravis-</strong></span> 
     </span>
     <span class='ocr_line' id='line_1_63' title="bbox 827 1546 1399 1589; baseline -0.002 -11"><span class='ocrx_word' id='word_1_294' title='bbox 827 1548 904 1578; x_wconf 73' lang='lat' dir='ltr'><strong>sime</strong></span> <span class='ocrx_word' id='word_1_295' title='bbox 920 1547 1071 1578; x_wconf 85' lang='lat' dir='ltr'><strong>offendat.</strong></span> <span class='ocrx_word' id='word_1_296' title='bbox 1096 1546 1212 1589; x_wconf 69' lang='lat' dir='ltr'><strong>Magmi</strong></span> <span class='ocrx_word' id='word_1_297' title='bbox 1226 1546 1324 1588; x_wconf 75' lang='lat' dir='ltr'><strong>igitur</strong></span> <span class='ocrx_word' id='word_1_298' title='bbox 1336 1546 1399 1578; x_wconf 85' lang='lat' dir='ltr'><strong>his-</strong></span> 
     </span>
    </p>
   </div>
   <div class='ocr_carea' id='block_1_14' title="bbox 828 1591 1432 1634">
    <p class='ocr_par' dir='ltr' id='par_1_16' title="bbox 828 1591 1432 1634">
     <span class='ocr_line' id='line_1_64' title="bbox 828 1591 1432 1634; baseline -0.002 -10"><span class='ocrx_word' id='word_1_299' title='bbox 828 1595 929 1624; x_wconf 88' lang='lat' dir='ltr'><strong>torico</strong></span> <span class='ocrx_word' id='word_1_300' title='bbox 947 1592 1104 1624; x_wconf 83' lang='lat' dir='ltr'><strong>utendum</strong></span> <span class='ocrx_word' id='word_1_301' title='bbox 1119 1591 1304 1634; x_wconf 68' lang='lat' dir='ltr'><strong>prudentif⁸23</strong></span> <span class='ocrx_word' id='word_1_302' title='bbox 1321 1603 1398 1634; x_wconf 84' lang='lat' dir='ltr'><strong>qua·</strong></span> <span class='ocrx_word' id='word_1_303' title='bbox 1430 1598 1432 1605; x_wconf 79' lang='lat'><em>&#39;</em></span> 
     </span>
    </p>
   </div>
   <div class='ocr_carea' id='block_1_15' title="bbox 827 1637 1398 1773">
    <p class='ocr_par' dir='ltr' id='par_1_17' title="bbox 827 1637 1398 1773">
     <span class='ocr_line' id='line_1_65' title="bbox 827 1637 1398 1681; baseline 0 -11"><span class='ocrx_word' id='word_1_304' title='bbox 827 1647 976 1681; x_wconf 81' lang='lat' dir='ltr'><strong>propter,</strong></span> <span class='ocrx_word' id='word_1_305' title='bbox 993 1645 1030 1670; x_wconf 84' lang='lat' dir='ltr'><strong>ut</strong></span> <span class='ocrx_word' id='word_1_306' title='bbox 1057 1639 1148 1669; x_wconf 75' lang='lat' dir='ltr'><strong>caute</strong></span> <span class='ocrx_word' id='word_1_307' title='bbox 1173 1637 1343 1669; x_wconf 72' lang='lat' dir='ltr'><strong>admodum</strong></span> <span class='ocrx_word' id='word_1_308' title='bbox 1365 1649 1398 1670; x_wconf 83' lang='lat' dir='ltr'><strong>se</strong></span> 
     </span>
     <span class='ocr_line' id='line_1_66' title="bbox 827 1684 1396 1727; baseline 0 -11"><span class='ocrx_word' id='word_1_309' title='bbox 827 1693 914 1727; x_wconf 82' lang='lat' dir='ltr'><strong>gerat</strong></span> <span class='ocrx_word' id='word_1_310' title='bbox 929 1686 1074 1717; x_wconf 79' lang='lat' dir='ltr'><strong>hortatur</strong></span> <span class='ocrx_word' id='word_1_311' title='bbox 1091 1684 1268 1716; x_wconf 85' lang='lat' dir='ltr'><strong>Pollionem</strong></span> <span class='ocrx_word' id='word_1_312' title='bbox 1284 1686 1396 1716; x_wconf 84' lang='lat' dir='ltr'><strong>Horat.</strong></span> 
     </span>
     <span class='ocr_line' id='line_1_67' title="bbox 827 1729 1396 1773; baseline -0.004 -11"><span class='ocrx_word' id='word_1_313' title='bbox 827 1750 874 1756; x_wconf 85' lang='lat'><strong>-—</strong></span> <span class='ocrx_word' id='word_1_314' title='bbox 889 1732 1016 1762; x_wconf 83' lang='lat' dir='ltr'><strong>Incedis</strong></span> <span class='ocrx_word' id='word_1_315' title='bbox 1034 1742 1096 1772; x_wconf 86' lang='lat' dir='ltr'><strong>per</strong></span> <span class='ocrx_word' id='word_1_316' title='bbox 1111 1731 1201 1773; x_wconf 81' lang='lat' dir='ltr'><strong>ignes</strong></span> <span class='ocrx_word' id='word_1_317' title='bbox 1221 1729 1396 1772; x_wconf 83' lang='lat' dir='ltr'><strong>suppositos</strong></span> 
     </span>
    </p>
   </div>
   <div class='ocr_carea' id='block_1_16' title="bbox 829 1776 1436 1809">
    <p class='ocr_par' dir='ltr' id='par_1_18' title="bbox 829 1776 1436 1809">
     <span class='ocr_line' id='line_1_68' title="bbox 829 1776 1436 1809; baseline -0.005 0"><span class='ocrx_word' id='word_1_318' title='bbox 829 1779 930 1809; x_wconf 80' lang='lat' dir='ltr'><strong>cineri</strong></span> <span class='ocrx_word' id='word_1_319' title='bbox 944 1778 1052 1809; x_wconf 84' lang='lat' dir='ltr'><strong>doloso</strong></span> <span class='ocrx_word' id='word_1_320' title='bbox 1067 1788 1078 1808; x_wconf 90' lang='lat'><em>:</em></span> <span class='ocrx_word' id='word_1_321' title='bbox 1099 1784 1136 1808; x_wconf 91' lang='lat' dir='ltr'><strong>ut</strong></span> <span class='ocrx_word' id='word_1_322' title='bbox 1155 1776 1172 1807; x_wconf 78' lang='grc' dir='ltr'>ὸ</span> <span class='ocrx_word' id='word_1_323' title='bbox 1188 1776 1332 1807; x_wconf 84' lang='lat' dir='ltr'><strong>scintillis</strong></span> <span class='ocrx_word' id='word_1_324' title='bbox 1346 1787 1395 1807; x_wconf 85' lang='lat' dir='ltr'><strong>re·</strong></span> <span class='ocrx_word' id='word_1_325' title='bbox 1434 1790 1436 1794; x_wconf 96' lang='lat'>·</span> 
     </span>
    </p>
   </div>
   <div class='ocr_carea' id='block_1_17' title="bbox 829 1823 1396 1863">
    <p class='ocr_par' dir='ltr' id='par_1_19' title="bbox 829 1823 1396 1863">
     <span class='ocr_line' id='line_1_69' title="bbox 829 1823 1396 1863; baseline -0.007 -7"><span class='ocrx_word' id='word_1_326' title='bbox 829 1825 982 1863; x_wconf 85' lang='lat' dir='ltr'><strong>conditis,</strong></span> <span class='ocrx_word' id='word_1_327' title='bbox 1009 1826 1035 1854; x_wconf 87' lang='lat' dir='ltr'><strong>si</strong></span> <span class='ocrx_word' id='word_1_328' title='bbox 1059 1830 1245 1855; x_wconf 83' lang='lat' dir='ltr'><strong>moveantur</strong></span> <span class='ocrx_word' id='word_1_329' title='bbox 1287 1823 1396 1854; x_wconf 82' lang='lat' dir='ltr'><strong>incau-</strong></span> 
     </span>
    </p>
   </div>
   <div class='ocr_carea' id='block_1_18' title="bbox 828 1869 1436 1959">
    <p class='ocr_par' dir='ltr' id='par_1_20' title="bbox 828 1869 1436 1959">
     <span class='ocr_line' id='line_1_70' title="bbox 828 1869 1436 1911; baseline -0.007 -9"><span class='ocrx_word' id='word_1_330' title='bbox 828 1871 902 1910; x_wconf 77' lang='lat' dir='ltr'><strong>tius,</strong></span> <span class='ocrx_word' id='word_1_331' title='bbox 911 1872 1055 1902; x_wconf 77' lang='lat' dir='ltr'><strong>maximae</strong></span> <span class='ocrx_word' id='word_1_332' title='bbox 1064 1870 1144 1911; x_wconf 75' lang='lat' dir='ltr'><strong>saepe</strong></span> <span class='ocrx_word' id='word_1_333' title='bbox 1153 1869 1287 1899; x_wconf 78' lang='lat' dir='ltr'><strong>flammae</strong></span> <span class='ocrx_word' id='word_1_334' title='bbox 1295 1878 1397 1899; x_wconf 86' lang='lat' dir='ltr'><strong>erum·</strong></span> <span class='ocrx_word' id='word_1_335' title='bbox 1434 1874 1436 1880; x_wconf 88' lang='lat'>&#39;</span> 
     </span>
     <span class='ocr_line' id='line_1_71' title="bbox 828 1915 1435 1959; baseline -0.012 -10"><span class='ocrx_word' id='word_1_336' title='bbox 828 1925 928 1959; x_wconf 87' lang='lat' dir='ltr'><strong>punt,</strong></span> <span class='ocrx_word' id='word_1_337' title='bbox 949 1925 980 1948; x_wconf 87' lang='lat' dir='ltr'><strong>et</strong></span> <span class='ocrx_word' id='word_1_338' title='bbox 1002 1916 1148 1947; x_wconf 88' lang='lat' dir='ltr'><strong>incendia</strong></span> <span class='ocrx_word' id='word_1_339' title='bbox 1177 1915 1239 1946; x_wconf 68' lang='lat' dir='ltr'><strong>late</strong></span> <span class='ocrx_word' id='word_1_340' title='bbox 1263 1915 1396 1945; x_wconf 80' lang='lat' dir='ltr'><strong>eircum-</strong></span> <span class='ocrx_word' id='word_1_341' title='bbox 1429 1933 1435 1941; x_wconf 89' lang='lat'>.</span> 
     </span>
    </p>
   </div>
   <div class='ocr_carea' id='block_1_19' title="bbox 829 1961 1394 2004">
    <p class='ocr_par' dir='ltr' id='par_1_21' title="bbox 829 1961 1394 2004">
     <span class='ocr_line' id='line_1_72' title="bbox 829 1961 1394 2004; baseline -0.007 -10"><span class='ocrx_word' id='word_1_342' title='bbox 829 1964 953 2002; x_wconf 86' lang='lat' dir='ltr'><strong>ferunt,</strong></span> <span class='ocrx_word' id='word_1_343' title='bbox 990 1962 1034 1994; x_wconf 65' lang='lat' dir='ltr'><strong>ita</strong></span> <span class='ocrx_word' id='word_1_344' title='bbox 1086 1962 1268 2004; x_wconf 56' lang='lat' dir='ltr'><strong>principum</strong></span> <span class='ocrx_word' id='word_1_345' title='bbox 1301 1961 1394 1999; x_wconf 82' lang='lat' dir='ltr'><strong>vitia,</strong></span> 
     </span>
    </p>
   </div>
   <div class='ocr_carea' id='block_1_20' title="bbox 1426 1242 1456 1986">
    <p class='ocr_par' dir='ltr' id='par_1_22' title="bbox 1426 1242 1456 1986">
     <span class='ocr_line' id='line_1_73' title="bbox 1426 1242 1456 1986; baseline 0 522"><span class='ocrx_word' id='word_1_346' title='bbox 1426 1242 1456 1986; x_wconf 95' lang='lat' dir='ltr'><strong> </strong></span> 
     </span>
    </p>
   </div>
   <div class='ocr_carea' id='block_1_21' title="bbox 1428 1983 1443 2009">
    <p class='ocr_par' dir='ltr' id='par_1_23' title="bbox 1428 1983 1443 2009">
     <span class='ocr_line' id='line_1_74' title="bbox 1428 1983 1443 2009; baseline 0 0"><span class='ocrx_word' id='word_1_347' title='bbox 1428 1983 1443 2009; x_wconf 56' lang='lat' dir='ltr'><strong>aa&lt;</strong></span> 
     </span>
    </p>
   </div>
   <div class='ocr_carea' id='block_1_22' title="bbox 828 2009 1446 2044">
    <p class='ocr_par' dir='ltr' id='par_1_24' title="bbox 828 2009 1446 2044">
     <span class='ocr_line' id='line_1_75' title="bbox 828 2009 1446 2044; baseline -0.003 -4"><span class='ocrx_word' id='word_1_348' title='bbox 828 2011 854 2040; x_wconf 86' lang='lat' dir='ltr'><strong>si</strong></span> <span class='ocrx_word' id='word_1_349' title='bbox 878 2009 983 2040; x_wconf 78' lang='lat' dir='ltr'><strong>minus</strong></span> <span class='ocrx_word' id='word_1_350' title='bbox 1009 2009 1100 2040; x_wconf 82' lang='lat' dir='ltr'><strong>caute</strong></span> <span class='ocrx_word' id='word_1_351' title='bbox 1127 2013 1295 2044; x_wconf 79' lang='lat' dir='ltr'><strong>notentur,</strong></span> <span class='ocrx_word' id='word_1_352' title='bbox 1318 2015 1396 2037; x_wconf 83' lang='lat' dir='ltr'><strong>mox</strong></span> <span class='ocrx_word' id='word_1_353' title='bbox 1434 2019 1446 2040; x_wconf 48' lang='grc' dir='ltr'><strong>»η</strong></span> 
     </span>
    </p>
   </div>
   <div class='ocr_carea' id='block_1_23' title="bbox 825 2053 1429 2226">
    <p class='ocr_par' dir='ltr' id='par_1_25' title="bbox 827 2053 1395 2094">
     <span class='ocr_line' id='line_1_76' title="bbox 827 2053 1395 2094; baseline -0.007 -8"><span class='ocrx_word' id='word_1_354' title='bbox 827 2056 1022 2086; x_wconf 84' lang='lat' dir='ltr'><strong>recrudescit</strong></span> <span class='ocrx_word' id='word_1_355' title='bbox 1069 2054 1239 2091; x_wconf 81' lang='lat' dir='ltr'><strong>memoria,</strong></span> <span class='ocrx_word' id='word_1_356' title='bbox 1286 2053 1395 2094; x_wconf 82' lang='lat' dir='ltr'><strong>sicque</strong></span> 
     </span>
    </p>

    <p class='ocr_par' dir='ltr' id='par_1_26' title="bbox 827 2099 1429 2140">
     <span class='ocr_line' id='line_1_77' title="bbox 827 2099 1429 2140; baseline -0.007 -8"><span class='ocrx_word' id='word_1_357' title='bbox 827 2103 967 2132; x_wconf 85' lang='lat' dir='ltr'><strong>cruentis</strong></span> <span class='ocrx_word' id='word_1_358' title='bbox 1011 2101 1207 2138; x_wconf 78' lang='lat' dir='ltr'><strong>ultionibus,</strong></span> <span class='ocrx_word' id='word_1_359' title='bbox 1237 2099 1429 2140; x_wconf 69' lang='lat' dir='ltr'><strong>novisque—⁸</strong></span> 
     </span>
    </p>

    <p class='ocr_par' dir='ltr' id='par_1_27' title="bbox 825 2143 1383 2226">
     <span class='ocr_line' id='line_1_78' title="bbox 825 2143 1370 2179; baseline -0.009 0"><span class='ocrx_word' id='word_1_360' title='bbox 825 2147 1033 2179; x_wconf 81' lang='lat' dir='ltr'><strong>seditionibus</strong></span> <span class='ocrx_word' id='word_1_361' title='bbox 1049 2146 1154 2178; x_wconf 65' lang='lat' dir='ltr'><strong>forsan</strong></span> <span class='ocrx_word' id='word_1_362' title='bbox 1165 2146 1256 2177; x_wconf 83' lang='lat' dir='ltr'><strong>locus</strong></span> <span class='ocrx_word' id='word_1_363' title='bbox 1267 2143 1370 2175; x_wconf 87' lang='lat' dir='ltr'><strong>datur.</strong></span> 
     </span>
     <span class='ocr_line' id='line_1_79' title="bbox 874 2192 1396 2226; baseline -0.01 -1"><span class='ocrx_word' id='word_1_364' title='bbox 874 2196 903 2225; x_wconf 85' lang='lat'><strong>3.</strong></span> <span class='ocrx_word' id='word_1_365' title='bbox 921 2194 1057 2226; x_wconf 54' lang='lat' dir='ltr'><strong>Paulum</strong></span> <span class='ocrx_word' id='word_1_366' title='bbox 1077 2202 1191 2224; x_wconf 76' lang='lat' dir='ltr'><strong>severa</strong></span> <span class='ocrx_word' id='word_1_367' title='bbox 1212 2192 1306 2222; x_wconf 83' lang='lat' dir='ltr'><strong>Musa</strong></span> <span class='ocrx_word' id='word_1_368' title='bbox 1333 2197 1396 2221; x_wconf 84' lang='lat' dir='ltr'><strong>tra-</strong></span> 
     </span>
    </p>
   </div>
   <div class='ocr_carea' id='block_1_24' title="bbox 822 2236 1417 2284">
    <p class='ocr_par' dir='ltr' id='par_1_28' title="bbox 822 2236 1417 2284">
     <span class='ocr_line' id='line_1_80' title="bbox 822 2236 1417 2284; baseline -0.01 -12"><span class='ocrx_word' id='word_1_369' title='bbox 822 2240 939 2284; x_wconf 77' lang='lat' dir='ltr'><em>goedioe</em></span> <span class='ocrx_word' id='word_1_370' title='bbox 953 2240 1046 2272; x_wconf 80' lang='lat' dir='ltr'><strong>Desit</strong></span> <span class='ocrx_word' id='word_1_371' title='bbox 1063 2236 1195 2271; x_wconf 77' lang='lat' dir='ltr'><strong>theatris</strong></span> <span class='ocrx_word' id='word_1_372' title='bbox 1209 2247 1220 2268; x_wconf 89' lang='lat'><strong>.·</strong></span> <span class='ocrx_word' id='word_1_373' title='bbox 1233 2237 1323 2268; x_wconf 79' lang='lat' dir='ltr'><strong>sileat</strong></span> <span class='ocrx_word' id='word_1_374' title='bbox 1345 2237 1395 2267; x_wconf 86' lang='lat' dir='ltr'><strong>in·</strong></span> <span class='ocrx_word' id='word_1_375' title='bbox 1416 2259 1417 2262; x_wconf 21' lang='grc' dir='ltr'>η</span> 
     </span>
    </p>
   </div>
   <div class='ocr_carea' id='block_1_25' title="bbox 1421 2070 1435 2087">
    <p class='ocr_par' dir='ltr' id='par_1_29' title="bbox 1421 2070 1435 2087">
     <span class='ocr_line' id='line_1_81' title="bbox 1421 2070 1435 2087; baseline 0 -4"><span class='ocrx_word' id='word_1_376' title='bbox 1421 2070 1435 2087; x_wconf 60' lang='lat' dir='ltr'><strong>a»</strong></span> 
     </span>
    </p>
   </div>
   <div class='ocr_carea' id='block_1_26' title="bbox 1426 2063 1445 2077">
    <p class='ocr_par' dir='ltr' id='par_1_30' title="bbox 1426 2063 1445 2077">
     <span class='ocr_line' id='line_1_82' title="bbox 1426 2063 1445 2077; baseline 0 0"><span class='ocrx_word' id='word_1_377' title='bbox 1426 2063 1433 2070; x_wconf 80' lang='grc'><strong>“·</strong></span> <span class='ocrx_word' id='word_1_378' title='bbox 1442 2068 1445 2077; x_wconf 71' lang='grc' dir='ltr'><strong>ι</strong></span> 
     </span>
    </p>
   </div>
   <div class='ocr_carea' id='block_1_27' title="bbox 1396 2169 1438 2508">
    <p class='ocr_par' dir='ltr' id='par_1_31' title="bbox 1397 2169 1438 2508">
     <span class='ocr_line' id='line_1_83' title="bbox 1408 2169 1438 2292; baseline 0 -28"><span class='ocrx_word' id='word_1_379' title='bbox 1408 2169 1438 2292; x_wconf 65' lang='grc' dir='ltr'>ἑ</span> 
     </span>
     <span class='ocr_line' id='line_1_84' title="bbox 1408 2262 1437 2312; baseline 0 -4"><span class='ocrx_word' id='word_1_380' title='bbox 1408 2262 1437 2312; x_wconf 41' lang='lat' dir='ltr'><strong>sti</strong></span> 
     </span>
     <span class='ocr_line' id='line_1_85' title="bbox 1406 2307 1437 2383; baseline 0 -31"><span class='ocrx_word' id='word_1_381' title='bbox 1406 2307 1437 2383; x_wconf 46' lang='grc' dir='ltr'><strong>,ἢ</strong></span> 
     </span>
     <span class='ocr_line' id='line_1_86' title="bbox 1396 2314 1437 2508; baseline 0 0"><span class='ocrx_word' id='word_1_382' title='bbox 1396 2314 1437 2508; x_wconf 55' lang='grc' dir='ltr'>ᾖ</span> 
     </span>
    </p>
   </div>
  </div>
 </body>
</html>
