1456 2508
216 125 281 157 192

211 254 361 266 »summm
364 252 564 265 §mmm
567 250 985 263 nummus-mmm

609 116 651 154 Q.
676 110 860 144 non-Aru
883 109 1035 142 FLAccl

1224 248 1380 262 mv}

360 426 524 481 oDE
567 420 877 480 DECIMA
922 419 1254 497 QUARTA

542 585 627 629 AD
668 583 1008 628 POSTUMUM
1042 593 1074 628 1.

236 729 383 762 Amicum
399 728 439 760 de
461 727 612 759 brevitate
628 727 725 764 vita»,
755 734 787 757 et
811 726 852 756 de
875 725 984 756 mortis
1010 724 1196 757 necessitate
1218 724 1383 756 Horatius

722 780 887 811 admonet.

314 916 426 952 Eunu
447 915 477 949 ²!
500 913 668 962 fugaces,
688 913 884 957 Postume,
904 913 1100 958 Postume,

315 973 517 1011 Labuntur
537 971 646 1018 anni,
666 984 735 1008 nec
755 970 875 1020 pietas
896 982 1043 1007 moram

367 1034 502 1084 Rugis,
523 1042 560 1070 ct
578 1031 731 1070 instanti
750 1040 909 1068 senectae

418 1094 566 1131 Afferct
577 1122 587 1140 ‚
606 1091 876 1140 indomitaeque
894 1090 1026 1138 morti3

313 1157 420 1203 Non,
439 1155 471 1193 si
488 1154 650 1192 trecenis
667 1152 694 1199 3,
714 1160 903 1202 quotquot
921 1159 1012 1189 eunt
1031 1150 1130 1198 dies,
1390 1161 1404 1185 ⁵

313 1215 462 1261 Amice,
480 1215 604 1265 places
622 1211 930 1262 illacrymabilem

261 1352 290 1373 1.
316 1343 500 1372 Postumum
537 1350 548 1369 .·
587 1338 628 1369 an
663 1349 781 1369 nomen

210 1387 291 1419 illud
323 1390 489 1418 Postumus
520 1386 571 1415 vel
595 1384 782 1416 Posthumus

211 1434 310 1465 scribi
334 1433 447 1464 debeat
472 1442 585 1473 magna
611 1431 672 1461 fuit
698 1431 782 1461 inter

210 1488 332 1512 veteres
346 1481 534 1521 interpretes
550 1478 780 1508 controversia:

211 1537 313 1569 nugas
350 1526 435 1563 illas,
464 1525 585 1556 nullius
617 1524 779 1561 utilitatis,

210 1581 242 1604 et
257 1572 385 1604 aliunde
397 1572 472 1603 vere
483 1570 728 1608 inextricabiles,
741 1571 781 1600 si-

210 1620 310 1652 lentio
323 1618 557 1660 praetereundas
574 1618 763 1647 censuimus.

257 1677 288 1697 2.
305 1665 397 1696 Elzeu
407 1668 421 1696 .'
435 1675 491 1706 per
507 1663 779 1700 exclamationem,

210 1719 241 1744 et
268 1712 410 1743 vividam
434 1711 520 1742 illam
539 1710 780 1752 repetitionem,

210 1761 374 1796 Postume,
394 1760 543 1789 Postume
554 1780 562 1796 ‚
578 1757 680 1798 lyrice
696 1755 780 1785 indi—

210 1812 261 1836 cat
274 1803 371 1846 quam
385 1814 510 1846 gravem
522 1826 529 1842 ,
545 1802 641 1844 quam
655 1802 780 1832 luctuo-

210 1861 277 1882 sam
293 1852 455 1881 materiem
470 1856 659 1880 tractaturus
673 1849 723 1878 sit.
734 1866 780 1871 —-

210 1899 354 1940 Fugaces
377 1897 527 1927 labuntur
541 1907 552 1925 :
574 1894 721 1936 rapidum
738 1895 780 1925 si-

210 1942 278 1975 mul
302 1949 334 1973 et
347 1944 404 1974 vix
427 1942 607 1974 sensibilem
630 1942 782 1981 temporis

211 2000 341 2022 cursum
361 1995 470 2028 notat,
485 1989 563 2019 duas
590 1998 683 2018 voces
707 1997 780 2017 con-

210 2035 386 2079 jungendo,
393 2046 528 2077 quarum
545 2035 640 2064 altera
653 2034 780 2063 alterius

210 2093 339 2114 sensum
352 2089 514 2124 temperat.
529 2083 669 2121 Tempus
683 2079 784 2117 enim,

211 2137 247 2160 ut
258 2129 417 2171 horologii
430 2129 552 2170 cuspis,
566 2128 630 2156 cito
640 2148 649 2164 ‚
666 2125 721 2156 sed
736 2132 781 2155 ta-

212 2177 276 2206 cito
289 2175 470 2217 pede,fluit‚
484 2173 528 2204 ita
537 2173 640 2203 tamen
654 2179 688 2202 ut
701 2178 781 2202 stare

211 2221 367 2253 videatur.
377 2222 428 2253 Sic
437 2220 532 2252 ovid.
542 2221 623 2250 Fast.
633 2220 691 2258 VI,
705 2229 720 2258 7
729 2229 743 2257 7
751 2228 781 2249 2:

840 1339 997 1378 Tempora
1005 1336 1166 1374 labuntur,
1176 1334 1342 1377 tacitisque
1354 1347 1401 1367 se-

835 1385 991 1414 nescimus
1010 1382 1114 1421 anm‘s,
1125 1382 1170 1412 Et
1175 1381 1322 1424 fugiunt,
1324 1382 1403 1425 froe-

837 1442 878 1461 no
895 1442 960 1461 non
975 1436 1174 1466 remorante,
1191 1427 1403 1460 dies.—Pie-

834 1485 885 1508 tas
901 1488 912 1507 :
940 1477 1050 1507 stricto
1075 1486 1187 1514 sensu,
1206 1475 1305 1515 pietas
1328 1474 1401 1516 erga

833 1526 937 1560 Deos;
962 1532 1085 1564 preces,
1112 1519 1282 1560 sacrificia,
1303 1527 1341 1551 ut
1361 1531 1403 1551 ex

833 1569 1040 1610 sequentibus
1070 1573 1208 1608 apparet.
1235 1585 1282 1591 —--
1307 1566 1402 1597 Indo-

832 1616 919 1646 mitae
929 1626 940 1645 .-
955 1625 1048 1656 quam
1063 1614 1110 1644 nil
1123 1613 1250 1644 flectere
1263 1612 1356 1644 valet.

877 1663 908 1693 3.
926 1662 1017 1697 Νοη,
1034 1659 1061 1690 si
1074 1659 1207 1690 trecenis
1219 1670 1230 1690 .·
1247 1659 1317 1690 haec
1331 1669 1401 1690 ver-

832 1706 873 1737 ha
881 1708 953 1746 conj
958 1717 1040 1748 unge
1053 1717 1126 1737 cum
1134 1705 1399 1748 praecedentibus,

833 1761 865 1785 et
888 1755 934 1784 sic
957 1760 1106 1784 construe
1122 1754 1245 1794 :pietas
1262 1761 1330 1782 non
1351 1762 1399 1782 re-

834 1800 969 1831 tardabit
993 1809 1086 1840 rugas
1113 1806 1145 1829 et
1165 1799 1334 1829 instantem
1357 1808 1402 1828 se-

831 1854 955 1877 nectam
965 1868 974 1884 ,
987 1855 1071 1884 non,
1090 1845 1119 1875 si
1127 1870 1138 1884 ,
1151 1844 1186 1875 id
1203 1851 1249 1874 est
1258 1866 1268 1882 ,
1282 1844 1403 1874 etiamsi

827 1893 959 1934 places,
973 1902 1032 1932 pro
1042 1915 1050 1930 ‚
1064 1891 1187 1933 placare
1196 1897 1310 1927 tentes,
1324 1889 1399 1921 Plu-

832 1946 925 1977 tona,
954 1944 1013 1969 etc.
1046 1939 1098 1969 Sic
1124 1936 1246 1968 Sanado
1256 1960 1266 1976 ,
1290 1941 1322 1966 et
1347 1935 1402 1966 ille

833 1985 964 2026 quidem
987 1983 1232 2015 rectissime.—
1254 1980 1400 2013 Tra-cenis

833 2031 932 2063 tauris
954 2041 966 2060 .·
994 2031 1110 2071 triplici
1138 2026 1336 2060 hecatombe.
1354 2043 1400 2051 ——

836 2080 996 2119 Quotquot
1011 2084 1087 2107 eunt
1097 2075 1166 2106 dies
1174 2087 1186 2107 .-
1198 2073 1400 2116 quotidie.—

834 2122 1106 2163 Illacrymabilem
1133 2132 1146 2152 .·
1181 2120 1398 2152 immisericor-

835 2170 922 2209 dem,
936 2169 1052 2199 durum
1061 2191 1070 2208 ,
1091 2165 1330 2199 inexorabilem.
1344 2165 1400 2195 Di-

834 2227 927 2248 verso
954 2225 1048 2247 sensu
1079 2214 1187 2246 eadem
1205 2223 1270 2244 vox
1287 2212 1388 2252 accipi
