1456 2508
16 0 134 58 W

473 90 551 123 ΗΒ.
577 90 628 122 111
651 90 741 123 ODE
764 90 872 123 xvu.

57 226 726 242 mmmm-m

1209 98 1271 129 291

910 224 1031 238 wzm
1033 225 1276 237 ssssssssssssssssss

208 398 376 457 ODE
419 398 733 458 DECIMA
781 397 1130 458 SEPTIMA

353 564 440 609 AD
471 565 685 610 AELIUM
720 563 987 610 LAMIAM.

53 745 104 774 De
111 741 263 786 procella
269 750 435 785 posterum
450 743 538 774 diem
554 740 802 779 contristatura,
822 741 959 773 cornicis
977 741 1115 784 augurio
1125 765 1135 779 ‚
1158 742 1272 774 admo-

98 797 183 829 nitus
195 797 368 836 Horatius,
382 797 533 829 Lamiam
551 809 642 829 suum
651 821 662 836 ,
679 797 828 828 eumdem
842 797 884 828 de
902 808 965 839 quo
980 808 1065 838 supr.
1079 797 1140 829 Od.
1156 799 1178 827 I
1185 820 1194 836 ‚
1211 797 1267 836 26,

97 851 214 884 ἰιινὰαε
229 859 266 884 ue
285 852 371 884 diem
397 852 490 884 illum
514 853 589 884 laeto
612 852 756 884 convivio
781 852 963 895 transigae;
982 851 1079 883 simiel
1097 851 1268 894 antiquam

95 906 196 938 amini
208 906 258 938 sui
273 915 307 939 et
319 907 552 939 nobilissimam
570 907 727 951 originem
745 907 872 939 laudat.

158 1069 245 1107 ΔΕΜ
266 1075 292 1117 ⁸,
305 1077 458 1107 vetusto
476 1067 617 1107 nobilis
638 1067 686 1106 ab
705 1071 845 1116 Lamo,

156 1130 170 1182 (
181 1129 347 1178 Quando
366 1138 404 1168 et
423 1131 574 1181 priores
592 1130 682 1168 hinc
701 1130 854 1167 Lamias
871 1130 1001 1168 ferunt

206 1192 483 1230 Denominatos
497 1221 508 1239 ,
528 1201 567 1230 et
585 1200 771 1243 nepotum

256 1255 329 1291 Per
342 1265 532 1291 memores
552 1265 673 1304 genus
691 1265 805 1291 omne
821 1251 988 1303 fastos3)

154 1315 323 1352 Auctore
340 1313 388 1352 ab
405 1313 472 1352 illo
491 1320 505 1335 2
522 1313 631 1352 ducis
652 1313 861 1364 originem,
1256 1322 1268 1346 5

94 1459 166 1492 AEh‘
189 1471 201 1490 :
234 1460 315 1492 AElia
346 1471 423 1503 gens
450 1462 486 1492 in
514 1461 626 1503 primis

45 1505 129 1538 clara
139 1528 149 1545 ,
163 1517 233 1539 uon
255 1507 361 1539 tamon
379 1509 512 1550 patricia
523 1531 531 1547 ,
546 1508 627 1539 mul-

46 1554 87 1584 tis
110 1552 262 1586 diutinum
290 1555 560 1598 cognominibus,
578 1563 625 1586 at-

43 1609 110 1642 que
131 1602 168 1632 in
189 1600 330 1634 diversas
346 1602 481 1634 familias
505 1613 623 1645 propa-

44 1653 132 1690 gata,
145 1658 258 1681 omnes
273 1651 388 1682 Romae
405 1649 547 1681 honores
559 1673 568 1688 ,
589 1661 625 1681 ac

44 1694 174 1727 tandem
195 1696 292 1727 ethim
309 1698 488 1739 imperium
508 1697 623 1739 adepta

43 1748 105 1780 est,
122 1743 230 1784 'atque
257 1744 398 1785 optimos
424 1744 497 1775 orbi
524 1751 624 1775 terra-

43 1799 116 1821 rum
131 1791 296 1832 principes
314 1791 502 1822 Antoninos
521 1791 620 1824 dedit.

41 1852 90 1860 -
104 1838 235 1868 Vetusto
276 1838 391 1869 nobilis
419 1838 461 1869 ab
492 1841 595 1869 Lamo
609 1851 621 1870 .·

41 1883 188 1925 Neptuui
199 1883 270 1916 filio
280 1907 289 1924 ,
305 1886 528 1927 antiquissimo
541 1888 622 1918 Laes-

41 1931 226 1972 uigouum,
249 1933 282 1963 in
307 1932 502 1975 Campania,
532 1944 618 1976 rege.

41 1977 127 2008 Vide
139 1979 319 2011 Homerum
329 2003 338 2018 ,
354 1980 472 2022 odyss».
492 1982 522 2012 X
534 2005 542 2020 ,
561 1982 580 2011 8
590 1993 618 2013 1.

40 2041 88 2048 —
105 2026 246 2067 Quando
260 2037 272 2057 .·
289 2027 459 2070 siqnidem.
468 2045 516 2052 -—-
530 2028 619 2060 Prio-

38 2082 89 2103 res
105 2083 117 2103 .·
149 2074 387 2115 antiquissimos
415 2076 518 2118 gemis
555 2083 620 2107 tuae

40 2126 255 2152 auctores.—-
269 2120 355 2153 Hinc
366 2122 501 2153 Lamias
517 2123 618 2154 deno-

38 2166 180 2199 minatos
193 2179 203 2198 :
228 2168 290 2200 fuit
315 2169 402 2200 enim
421 2169 503 2201 illud
530 2170 617 2212 apud

37 2215 200 2246 Romanos
234 2215 414 2247 nobilitatis
449 2216 593 2249 studium
605 2242 614 2258 ,

682 1468 720 1492 ut
738 1462 896 1504 originem
913 1463 1016 1503 gentis
1029 1471 1097 1492 snae
1107 1462 1269 1503 praecipue

684 1515 866 1550 repeterent
885 1507 903 1539 ἐι
928 1508 1141 1539 similitudine
1161 1510 1267 1540 nomi-

684 1557 736 1587 nis
746 1579 755 1594 ,
773 1565 839 1598 quo
859 1555 931 1597 quis
947 1553 1128 1597 antiquitas
1144 1562 1176 1587 et
1188 1567 1267 1598 prae-

683 1603 794 1634 sertim
814 1603 850 1633 in
872 1602 961 1633 bello
985 1604 1127 1643 Trojano
1139 1626 1148 1642 ‚
1166 1603 1266 1646 insig-

682 1661 758 1681 nem
773 1648 907 1692 gloriam
933 1657 1126 1681 cousecutus
1141 1650 1266 1683 fuisset.

681 1715 729 1722 ·-
738 1698 785 1729 Ee
799 1705 951 1739 nepotum
966 1699 1031 1728 Per
1042 1708 1198 1729 memores
1210 1709 1267 1740 ge-

681 1756 740 1776 nus
756 1755 852 1775 omne
866 1744 973 1786 fastos
988 1755 999 1775 .·
1023 1746 1068 1776 sic
1084 1751 1239 1776 construe
1254 1756 1262 1776 :

682 1794 710 1823 si
743 1792 876 1834 quidem
904 1791 1013 1824 ferunt
1035 1803 1140 1836 gemes
1166 1803 1263 1823 omne

681 1847 854 1882 nepotum,
877 1841 923 1870 sic
944 1839 1148 1881 (Lamiarum
1177 1840 1262 1871 scili-

678 1887 729 1919 cet
755 1886 908 1929 nomine)
937 1888 1134 1929 appellatum
1164 1887 1262 1918 fuisse

675 1945 735 1976 per
754 1935 868 1973 fastos,
883 1934 916 1966 h.
936 1947 962 1966 e.
979 1946 1036 1976 per
1051 1935 1182 1966 annales
1194 1934 1261 1965 his-

673 1983 811 2021 toricos,
829 1993 986 2013 memores
998 2006 1007 2019 ,
1025 1983 1083 2024 qui
1098 1980 1198 2012 fidam
1214 1993 1260 2012 re-

671 2040 745 2061 rum
759 2030 998 2072 praeteritarum
1013 2030 1200 2060 memoriam
1214 2039 1258 2060 re-

674 2077 855 2108 tinuerunt.

724 2134 755 2156 2.
779 2126 922 2156 Auctore
943 2124 983 2154 ab
1007 2123 1092 2155 illo:
1111 2125 1257 2155 Formia-

672 2181 748 2203 rum
777 2172 899 2203 scilicet
934 2173 1032 2203 Lamo
1062 2170 1248 2209 conditore3

671 2218 855 2261 quanquam
870 2219 982 2251 civitas
994 2218 1048 2250 hic
1058 2224 1233 2251 memorata
1250 2241 1259 2258 ,
