1456 2508
451 43 456 47 '
511 58 591 91 Lm.
616 60 668 92 111
690 61 780 94 one
803 61 864 93 m.

199 133 215 151 α
229 118 391 158 Insultet
411 130 649 171 armentum,
669 131 708 161 et
726 123 875 162 catulos
896 123 988 163 serae

1243 61 1311 95 235

199 203 214 220 α
234 185 367 225 Celent
382 187 535 238 inultae3
554 198 629 229 stet
645 189 880 241 Capitolium

250 266 267 285 «
283 253 465 304 Fulgens,
484 253 809 306 triumphatisque
829 253 951 306 possit

305 334 321 352 α
337 319 460 358 Roma
479 320 587 359 ferox
608 321 701 360 dare
713 321 804 372 jura
821 320 960 359 Medis.

196 401 212 418 «
230 385 434 423 Horrenda
450 393 480 411 ²²
499 386 576 424 late
593 399 733 425 nomen
750 387 790 424 in
811 385 966 424 ultimas
1274 390 1308 421 4⁵

197 462 212 479 «
233 445 424 484 Extendat
439 459 544 495 oras;
561 450 639 498 quai
655 447 806 485 medius
822 447 952 498 liquor
1241 456 1245 459 ·

251 524 266 541 ιι
284 509 459 546 secernit
477 510 660 560 Europen
679 509 728 548 ab
749 509 864 557 Afro,

303 590 318 608 α
335 576 423 622 Qud
439 574 610 613 tumidus
630 575 730 626 rigat
749 588 842 613 arva
860 574 994 623 Nilus3

199 655 213 672 a
232 640 381 678 Aurum
400 640 632 692 irrepertum
644 669 655 688 ‚
675 650 712 679 et
732 641 787 679 sic
808 641 946 679 melius
968 640 1083 679 situm

199 721 213 738 α
231 705 328 743 Ciim
347 714 449 745 terra
469 707 588 755 celat,
608 718 790 757 spernere
811 707 954 745 fortior
972 704 1013 754 ¹³,
1276 715 1307 740 50

250 787 266 804 τι
287 773 414 818 Quem
431 785 568 823 cogere
587 773 776 810 humanos
795 773 835 810 in
854 785 967 820 usus,

304 854 321 871 α
343 840 470 878 Omne
488 851 638 878 sacrum
657 839 831 890 rapiente
846 838 995 877 dextra.

92 1015 224 1058 proprie
251 1014 420 1047 dicebatur
453 1015 493 1047 de
526 1016 601 1047 loco
633 1018 668 1048 in

93 1073 160 1104 quo
184 1061 317 1094 cadaver
333 1062 527 1094 combustum
552 1064 668 1095 fuerat.

95 1127 142 1134 -—
155 1110 294 1141 Insultet
311 1118 494 1141 armentum
514 1121 526 1141 :
545 1112 672 1142 vastita-

97 1164 163 1188 tem
179 1156 244 1188 loci
275 1156 448 1197 cujuslibet
468 1157 551 1189 nihil
574 1158 672 1200 magis

96 1204 294 1236 demonstrat
303 1227 312 1242 ,
326 1203 425 1246 quiam
439 1206 466 1236 si
480 1204 526 1236 ibi
539 1205 673 1246 impune

95 1261 224 1295 pascere
250 1258 392 1282 armenta
420 1258 554 1293 queant,
584 1259 616 1283 et
646 1254 673 1283 si

86 1297 175 1340 ferae
188 1297 317 1336 inultae,
333 1298 368 1330 id
383 1305 448 1337 est,
458 1299 564 1330 illaesae
579 1306 610 1330 et
625 1310 672 1330 se-

96 1356 202 1385 eurae,
216 1347 343 1388 possint
365 1346 490 1388 prolem
505 1357 595 1377 suam
618 1357 674 1389 pa-

96 1404 176 1426 rere.
195 1395 281 1425 Loca
302 1393 387 1425 enim
409 1395 616 1424 secretissima
634 1394 674 1425 ab

95 1440 267 1472 homiuum
278 1440 383 1472 oculis
399 1447 431 1471 et
444 1447 595 1472 contactu
611 1441 676 1472 illae

95 1495 264 1529 quaeruut,
287 1494 327 1518 ut
361 1486 438 1518 inde
470 1488 599 1519 nullum
634 1490 676 1519 sit

98 1534 212 1566 catulis
229 1545 312 1576 quos
329 1535 462 1576 pariunt
480 1535 674 1576 periculum.

98 1582 214 1612 -Seec
228 1581 422 1623 Capitolium
433 1583 592 1624 Fulgens:
605 1594 676 1614 ver-

97 1628 178 1660 bum
202 1635 288 1660 stare
311 1628 504 1660 soliditatem
520 1636 551 1660 et
564 1641 676 1672 peren-

98 1676 232 1707 nitatem
256 1676 388 1708 indicat.
409 1694 456 1701 --
478 1678 568 1708 Dare
596 1678 675 1720 jura

99 1722 206 1755 Medis
220 1734 233 1754 :
261 1723 414 1760 Parthos,
437 1731 474 1754 ut
503 1724 569 1755 fere
593 1735 674 1755 sem-

99 1770 171 1812 per,
189 1769 358 1812 intelligit,
386 1771 427 1802 ab
446 1772 595 1813 Augusto
622 1783 674 1803 co-

100 1823 187 1848 aetos
204 1817 322 1850 vexilla
338 1818 451 1850 Crasso
474 1825 583 1860 erepta
605 1819 675 1850 red-

99 1862 184 1895 dere.

152 1922 204 1943 12.
231 1912 403 1943 Homnda
429 1924 442 1944 .·
470 1923 539 1944 non
568 1911 674 1944 solnm

100 1959 194 1990 armis
214 1959 400 1998 metuenda,
415 1959 471 1991 sed
495 1959 675 1992 admiratio-

98 2015 174 2036 nem
201 2012 320 2037 terrore
344 2008 550 2039 commixtam
582 2009 676 2039 victis

97 2052 247 2094 gentihus
255 2053 427 2086 incutiens.
441 2056 486 2086 Ut
499 2053 573 2085 ciun
581 2057 674 2098 Virg.

99 2099 225 2132 AEneid.
242 2101 308 2139 vl,
330 2111 391 2140 10,
413 2100 607 2133 horrendam
626 2105 675 2134 Si-

722 1026 802 1058 quas
820 1025 907 1045 mare
923 1013 1197 1046 Mediterraneum
1219 1023 1302 1044 com-

723 1061 908 1105 prehendit.
922 1078 972 1085 —
1004 1059 1156 1092 'fumidus
1184 1060 1280 1092 Nilus
1293 1071 1304 1090 :

726 1109 897 1141 exundans
921 1108 964 1139 ad
978 1118 1130 1151 agrorum
1148 1108 1308 1151 irrigatio—

726 1168 802 1189 nem
821 1164 853 1188 et
866 1156 1123 1187 foecunditatem.

779 1205 831 1236 13.
858 1205 1017 1246 Spernere
1034 1202 1159 1246 jbrcior
1172 1213 1184 1233 .·
1210 1203 1309 1242 majo—

727 1262 795 1282 rem
819 1249 1045 1282 fortitudinem
1071 1251 1106 1281 in
1125 1249 1309 1291 spernendo

728 1309 808 1330 auro
830 1298 997 1340 explicans
1008 1321 1017 1335 ,
1033 1297 1132 1339 quem
1146 1298 1182 1327 in
1201 1296 1310 1327 debel-

726 1346 832 1377 landis
850 1345 1009 1377 hostibus.
1026 1363 1073 1368 —
1089 1345 1213 1375 Aurum
1234 1343 1311 1374 irre-

721 1401 851 1434 pertum
867 1403 879 1423 .·
901 1390 959 1423 din
985 1402 1055 1423 non
1077 1397 1262 1434 repertum,
1281 1398 1312 1422 et

727 1441 761 1471 in
772 1447 866 1471 terrae
879 1438 1058 1471 visceribus
1071 1436 1186 1470 melius
1201 1439 1310 1470 situm.

729 1506 774 1511 --
793 1488 915 1530 Cogere
934 1497 943 1518 :
964 1486 1102 1518 verbum
1125 1486 1311 1528 exquisitis-

728 1535 857 1566 simum.
878 1535 955 1566 Vim
977 1540 1100 1564 naturae
1124 1533 1244 1564 inferre
1267 1534 1312 1563 vi-

728 1581 824 1612 detur
836 1582 909 1624 qui,
926 1580 1091 1612 metallum
1106 1579 1171 1612 uim
1186 1580 1247 1612 alte
1263 1591 1311 1611 re·

729 1628 898 1661 conditum
917 1628 1047 1667 effodit,
1073 1626 1114 1659 ad
1132 1628 1309 1660 inservien-

728 1677 806 1707 dum
820 1676 1008 1707 hominibus
1025 1675 1147 1717 quibus
1162 1685 1230 1709 non
1245 1674 1312 1706 des-

729 1725 869 1755 tinatum
884 1723 1048 1755 fuerat.--
1058 1723 1162 1754 Omne
1181 1733 1309 1753 sacrum

728 1771 873 1813 rapiente
888 1768 1008 1802 dextra
1022 1782 1032 1801 .·
1046 1769 1121 1802 cum
1136 1770 1222 1801 enim
1239 1770 1310 1801 auri

729 1818 887 1861 cupiditas
902 1819 1026 1849 animos
1045 1817 1205 1849 humanos
1220 1818 1310 1848 inva-

729 1868 787 1905 sit,
805 1865 894 1897 nulla
908 1876 959 1896 res
973 1865 1036 1896 fuit
1051 1863 1115 1897 uim
1134 1875 1222 1896 sacra
1237 1874 1310 1906 quae

728 1914 868 1945 avaritiae
881 1923 996 1944 manus
1005 1912 1171 1955 effageret,
1180 1918 1260 1943 teste
1271 1922 1309 1942 eo

729 1959 824 2003 (nam
852 1962 942 1992 Juuo
963 1960 1088 2002 semper
1119 1957 1284 2001 loquitur)
1299 1982 1308 1994 ‚

729 2008 822 2048 cujus
836 2008 956 2039 dextra
971 2006 1080 2048 rapuit
1086 2017 1215 2038 sacram
1228 2017 1310 2037 mer-

730 2055 841 2086 cedem
875 2055 936 2086 diis
963 2054 1106 2085 debitam
1117 2077 1126 2092 ‚
1146 2064 1203 2085 seu
1229 2063 1312 2096 pon-

729 2103 790 2134 dus
812 2103 902 2142 auri,
921 2112 993 2133 non
1023 2099 1131 2132 minus
1159 2111 1304 2137 sacrum,

98 2144 220 2188 byllam
250 2155 355 2180 vocat.
377 2167 423 2173 —
441 2146 515 2190 Qud
545 2149 669 2180 medius
720 2151 757 2182 in
795 2160 910 2181 eorum
947 2148 1071 2180 aedibus
1111 2147 1306 2191 depositum.

95 2193 225 2235 quuor:
243 2194 285 2227 de
305 2196 418 2228 insulis
438 2197 648 2239 interpretare
659 2220 669 2237 ,

722 2196 800 2230 vid.
817 2208 890 2239 sup.
906 2203 1016 2229 notam
1030 2196 1062 2227 6.
