1416 2508
151 137 191 159 Vl
619 124 892 160 PRAEFATIO.

150 202 429 246 mendandus.
453 202 542 243 Nos
561 203 584 242 e
601 204 747 242 contra
770 201 910 243 velum
926 201 1115 242 extranei
1130 200 1339 242 idiomatis

152 270 308 312 nostris
330 268 675 311 annotationibus
705 266 998 320 obtendimus,
1027 267 1071 310 in
1101 266 1144 308 id
1174 268 1339 323 semper

153 336 295 390 defixi,
315 347 386 388 ut,
412 350 582 376 sensum
609 333 754 390 (quod
779 345 868 376 erat
894 333 1181 391 necessitatis)
1206 333 1338 377 inter-

152 399 378 459 pretando>
414 400 643 457 imaginum
670 401 1058 456 sententiarumque
1083 397 1338 455 turpitudini

153 468 470 510 detraheremus
496 466 707 523 quidquid
731 466 1006 508 vividioribus
1025 465 1238 508 coloribus
1259 463 1336 505 ad-

153 544 368 585 ornatum,
388 543 430 572 ct
455 547 505 572 eo
527 531 620 588 ipso
641 531 1004 574 reformidandum
1027 533 1178 588 magis,
1202 529 1339 588 poeti-

155 615 212 640 cae
234 598 413 639 licentiae
431 596 606 638 audacia
629 599 671 638 in
689 609 850 639 textum
875 597 1120 638 immiserat.

206 664 406 717 Quamvis
429 664 571 703 autem
587 662 826 705 nullatenus
841 662 933 704 fieri
954 673 1099 719 queat,
1117 672 1168 702 ut
1185 661 1340 719 gravis-

150 732 302 772 simum
330 730 409 770 sub
443 744 495 770 eo
528 741 723 786 respectu
750 730 1007 787 vituperium
1031 744 1115 770 non
1151 729 1339 770 incurrat

151 795 371 846 Horatius,
389 793 491 836 illud
511 797 650 836 tamen
670 795 780 837 inter
793 809 942 836 omnes
959 793 1174 846 convenit,
1193 792 1338 848 demp-

150 859 202 901 tis
232 859 310 900 illis
340 859 558 913 sordibus,
590 860 754 900 nullum
780 875 869 901 esse
897 862 920 901 e
946 859 1158 902 veteribus
1176 858 1336 916 poetis⁷

151 926 236 982 qui,
251 925 450 966 acuendae
462 926 691 983 legentium
706 925 1218 983 sagacitati,exhilarandis
1229 925 1336 981 saepe

149 991 296 1048 saepius
327 992 516 1034 honestae
539 993 766 1050 voluptatis
795 994 960 1050 pictura
982 992 1180 1049 ingeniiS,
1213 1005 1336 1032 exor-

147 1056 383 1114 nandisque
394 1069 436 1098 et
448 1058 734 1115 perpoliendis
744 1059 934 1099 moribus
950 1057 1093 1099 utilius
1113 1057 1337 1099 consulue-

147 1125 214 1166 rit.
238 1124 432 1180 Desipuit
448 1124 694 1181 aliquando3
715 1124 818 1180 quid
836 1139 926 1165 rem
943 1124 1110 1165 obviam
1135 1135 1177 1164 et
1194 1134 1337 1180 paten-

147 1201 232 1231 tem
248 1188 510 1230 dissimulare
519 1191 708 1242 juvaret?
725 1189 1010 1247 Indignationi
1021 1222 1031 1242 ,
1047 1189 1166 1242 odio,
1180 1189 1334 1231 immo·

146 1253 249 1296 dicis
270 1270 471 1296 sensuum
485 1256 708 1297 affectibus
724 1256 847 1313 plura
864 1258 988 1312 quam
998 1258 1066 1308 jus
1080 1267 1122 1297 et
1136 1257 1336 1300 honestas

148 1320 310 1373 sinunt,
334 1320 602 1362 condonavit.
625 1320 730 1374 Sed,
758 1322 832 1362 ubi
852 1332 974 1363 aestus
994 1319 1228 1373 deferbuit,
1243 1320 1335 1373 ubi,

148 1401 254 1439 sese,
290 1397 339 1428 ut
368 1387 499 1428 verbo
536 1387 730 1428 Tulliano
769 1398 886 1441 utar,
915 1387 1199 1444 recuperavit,
1231 1386 1334 1433 tunc

145 1467 242 1494 vera
269 1464 310 1494 et
337 1453 499 1494 sincera
519 1466 695 1511 apparet
722 1455 888 1496 Horatii
918 1454 1105 1506 indoles,
1129 1452 1335 1510 probum-

146 1534 228 1575 que
254 1530 295 1560 et
319 1520 590 1560 excellentem
621 1521 759 1561 virum
776 1553 787 1574 ,
812 1531 910 1578 post
941 1520 1142 1563 evanidos
1169 1520 1331 1562 brevis-

144 1584 255 1624 simae
273 1584 486 1626 ebrietatis
515 1586 656 1627 fumos
663 1618 675 1637 ‚
695 1586 856 1642 ubique
872 1587 1070 1643 reperias.

200 1650 414 1695 Bellorum
460 1651 648 1692 civilium
678 1653 818 1704 testis,
851 1653 893 1692 in
920 1653 1076 1709 quibus
1117 1652 1329 1694 Cassianas

143 1728 282 1774 partes
307 1717 523 1773 amplexus
541 1750 552 1770 ,
582 1718 750 1758 militari
778 1719 927 1776 gloria,
953 1718 1067 1775 quod
1097 1719 1188 1775 ipse
1212 1718 1330 1775 inge·

143 1784 228 1824 nue
249 1792 291 1823 et
314 1782 563 1825 facetissime
582 1784 750 1836 fatetur,
770 1800 857 1826 non
877 1785 1088 1837 inclaruit3
1109 1785 1152 1825 in
1171 1785 1328 1829 Italiam

144 1852 167 1892 ὲ
191 1849 395 1906 Philippis
426 1850 577 1903 redux⁷
607 1853 631 1890 a
657 1851 862 1907 pervicaci
888 1861 930 1892 et
955 1851 1172 1895 evidenter
1193 1853 1331 1896 inutili

144 1915 381 1957 constantia
400 1913 577 1969 destitit,
600 1917 807 1973 veniaque
834 1933 911 1974 per
936 1917 1209 1960 Maecenatem
1233 1934 1329 1962 cum

142 1982 316 2024 Octavio
335 1982 572 2035 conciliata,
589 1984 764 2040 gratiam
785 1982 901 2040 apud
925 1999 1172 2041 supremum
1193 1985 1329 2042 impe-

142 2048 194 2088 rii
228 2046 524 2093 administrum
543 2048 830 2105 amplificavit,
850 2064 1082 2106 graecorum
1102 2049 1328 2106 lyricorum

141 2113 298 2170 palmas
323 2115 367 2155 in
396 2114 574 2171 patriam
601 2131 719 2157 suam
749 2115 1068 2169 transferendo,
1097 2128 1138 2158 et
1163 2117 1328 2160 edendo

140 2180 324 2222 carmina
336 2212 347 2234 ⁷
364 2180 594 2223 laudatoria
617 2181 815 2239 quidem,
833 2182 979 2225 verum
995 2184 1053 2226 ita
1072 2183 1305 2230 laudatoria
1316 2216 1328 2238 ‚
