1456 2508
623 115 664 155 Q.
689 113 874 147 RORATH
897 116 1049 149 nacci

342 176 515 223 Namque
535 185 595 210 me
614 173 707 210 silvii
727 174 839 224 lupus
855 175 895 212 in
911 174 1051 213 Sabin&
1067 174 1094 222 ³,

341 237 442 272 Dum
458 246 579 271 meam
595 242 704 270 canto
722 235 904 285 Lalagen,
924 244 961 272 et
977 237 1077 273 ultra

1399 255 1429 271 10

343 294 564 332 Ter-minum
580 294 680 330 curis
695 306 814 344 vagor
833 295 1037 345 expediti5‚

497 354 610 403 Fugit
624 353 816 390 inermem.

341 414 462 460 Quale
478 421 696 463 portentum
714 426 837 463 neque
857 413 1028 451 militaris

340 473 491 510 Daunia
506 476 522 504 4
536 472 579 517 ἱἰιι
594 472 678 510 latis
695 472 760 509 alit
775 473 966 519 esculetis,

338 534 417 569 Nec
430 535 451 569 J
454 531 538 569 ubae
553 534 660 570 tellus
679 541 852 582 generat,
867 534 1019 570 leonum

491 592 610 629 Arida
627 593 768 630 nutrix.

1393 543 1423 568 15

338 652 439 689 Pone
458 665 535 699 me,
555 652 672 703 pigris
690 652 755 690 ubi
772 654 874 690 nulla
891 654 1031 703 campis
1047 656 1062 679 ⁵

230 783 308 816 illuc
330 785 598 828 dispergentibus,
615 785 658 816 ita
683 793 719 816 ut
737 787 799 817 illis

230 832 319 873 quasi
329 842 494 862 arenarum
504 832 657 862 fluctibus
665 834 798 863 viatores

230 878 398 920 saepissime
411 878 519 909 obruti
534 878 797 919 consepeliantur.

229 941 277 949 --
291 923 468 955 Caucasum
483 936 494 955 .-
514 926 798 966 praeruptissimum

228 972 313 1002 Asiae
328 977 469 1002 montem
479 994 487 1010 ‚
501 973 558 1012 qui
572 971 673 1002 nullas
690 972 799 1001 admit-

229 1018 268 1048 tit
285 1017 416 1049 incolas.
433 1034 478 1040 —
492 1018 660 1058 Hydaspes
672 1028 683 1047 .·
699 1017 798 1047 Intliae

227 1063 365 1103 fluvius3
381 1063 550 1105 fabulosus
577 1064 629 1094 hic
662 1063 794 1102 dicitur,

227 1109 338 1141 eodem
351 1120 446 1141 sensu
462 1121 526 1151 quo
539 1110 635 1151 supra
644 1132 652 1148 ,
666 1110 717 1141 od.
736 1112 793 1148 IV,

215 1156 404 1199 sabuloeque
427 1166 538 1187 manes
554 1168 564 1186 .·
581 1158 668 1187 mirae
687 1163 792 1187 autern

224 1205 419 1234 narrationes
438 1203 477 1233 de
496 1203 561 1234 tota
572 1202 661 1233 India
678 1206 791 1234 Roma-

222 1251 272 1281 nis
285 1250 365 1280 male
385 1249 511 1290 cognita
521 1272 529 1288 ,
551 1249 589 1280 de
600 1249 791 1279 immanibus

223 1296 292 1335 ejus
302 1296 426 1334 belluis,
440 1296 478 1326 de
488 1297 647 1333 monstris,
658 1297 790 1326 circum-

220 1342 414 1374 ferebantur.

270 1390 302 1420 3.
320 1387 405 1421 Silva
422 1389 456 1420 in
480 1386 601 1419 Sabina
616 1399 627 1418 .·
651 1389 686 1418 in
710 1387 788 1418 silva

219 1435 304 1466 vinae
331 1446 396 1466 suae
422 1435 544 1467 Sabinae
566 1435 788 1473 adjacenti.—

223 1482 308 1512 Dicm
321 1492 425 1512 meam
436 1490 532 1513 canto
541 1482 689 1524 Lalagen
704 1492 715 1510 :
734 1481 787 1511 illa

218 1529 285 1568 ipsa
301 1528 410 1569 Lalage
421 1551 429 1566 ‚
456 1528 472 1558 ὲ
496 1529 587 1567 cujus
605 1538 728 1564 amore,
746 1533 783 1556 nt

218 1573 364 1605 nondum
397 1574 530 1612 adultae,
559 1573 782 1605 abstinendum

216 1630 283 1650 esse
309 1620 466 1659 declarat,
487 1620 550 1652 Od.
578 1623 629 1659 ΙΙ,
647 1621 678 1651 5.
700 1619 782 1660 Ergo

213 1665 279 1706 jam
293 1666 489 1704 adoleverat,
508 1665 581 1696 cum
594 1665 682 1696 nunc
690 1677 780 1697 suam

215 1712 361 1754 profiteri
374 1724 441 1744 non
460 1713 586 1743 dubitet
607 1715 719 1744 Horat.
735 1730 783 1737 —

219 1759 310 1789 Ulcn'z
337 1759 505 1790 terminum
530 1770 542 1789 :
564 1759 647 1789 ultra
674 1760 783 1791 solitos

215 1804 479 1836 deambulationis
508 1815 585 1835 meae
613 1804 703 1837 fines.
736 1824 783 1829 —

215 1850 306 1882 Curis
327 1852 482 1894 expeditis
495 1863 506 1882 :
523 1852 637 1893 legitur
655 1863 783 1893 quoque

215 1898 392 1939 expeditus.
420 1917 467 1923 —
482 1900 586 1938 Lupus
596 1897 688 1940 fitgt't
702 1898 782 1929 iner-

214 1954 297 1976 mem
313 1955 324 1975 .·
342 1945 423 1976 nihil
437 1945 635 1985 frequentius
650 1951 680 1974 et
694 1951 782 1975 natu-

214 2000 259 2021 rae
285 1991 387 2022 solitis
425 1990 548 2033 legibus
577 1991 675 2030 magis
707 2001 781 2020 con-

213 2046 347 2079 gruum,
361 2036 457 2078 quam
472 2038 546 2079 fuga
563 2036 633 2077 lupi
648 2036 689 2066 ad
705 2047 780 2067 con-

211 2090 355 2125 spectum
367 2084 515 2114 hominis.
524 2085 568 2112 Le
577 2083 651 2123 Ioup
666 2090 713 2112 est
725 2093 780 2112 ηα-

211 2130 415 2160 curellemenc
428 2129 565 2172 grossier
585 2136 618 2159 et
636 2129 776 2169 polet-on.

210 2175 338 2207 Buffon.

257 2227 288 2260 4.
311 2221 460 2254 Militaris
479 2221 611 2254 Daunia
626 2232 637 2252 .-
650 2221 777 2264 Apuliae

852 797 925 828 pars
936 810 944 825 ‚
961 787 1006 816 sic
1024 785 1107 816 dicta
1124 785 1143 816 ἐι
1159 787 1274 817 Dauno
1290 786 1355 817 illic
1370 798 1419 818 re—

852 844 889 875 ge
900 856 908 871 ,
933 834 1036 863 Turni
1067 842 1128 862 avo
1140 854 1149 871 ,
1178 833 1270 870 cujus
1305 833 1420 864 ineolae

853 881 970 909 virtute
998 877 1110 909 bellica
1137 888 1259 919 semper
1279 879 1418 921 insignes

853 924 1152 956 fuere.-Esculetis
1160 935 1171 954 .·
1181 924 1364 964 esculetum,
1373 925 1418 955 lo·
1424 919 1446 935 ‘

854 982 909 1002 cus
923 972 1036 1002 esculis
1053 972 1203 1002 consitus.
1223 970 1356 1002 Esculus
1371 978 1418 1002 est

850 1018 943 1048 arbos
965 1018 981 1048 ὲ
1010 1027 1186 1059 quercuum
1213 1027 1342 1058 genere,
1370 1019 1416 1048 sic

849 1070 956 1095 vocata
968 1087 976 1102 ‚
1013 1064 1101 1104 quod
1133 1063 1228 1104 primi
1271 1063 1415 1094 homines

848 1111 914 1150 ejus
935 1109 1103 1152 glandibus
1125 1119 1186 1150 pro
1207 1108 1277 1139 esca
1291 1116 1416 1140 uteren-

846 1166 908 1189 tur.
922 1175 968 1180 -——
984 1157 1053 1187 Nec
1075 1156 1165 1186 Jubae
1187 1154 1301 1186 tellus:
1318 1157 1410 1187 Mau-

843 1204 955 1234 ritania
977 1205 1011 1233 in
1042 1202 1104 1242 qua
1135 1202 1277 1244 regnavit
1304 1203 1324 1232 J
1327 1202 1406 1239 uba,

843 1251 898 1291 qui
927 1250 1133 1290 Pompeianas
1163 1255 1267 1289 partes
1298 1255 1407 1278 contra

844 1299 995 1328 Caesarem
1016 1294 1264 1326 constantissime
1281 1300 1407 1325 secutus

844 1350 900 1374 est.
913 1344 1008 1373 Victo
1024 1342 1191 1383 PompeiO,
1205 1341 1311 1382 copias
1332 1351 1406 1372 cum

840 1390 987 1430 Scipione
1016 1389 1202 1426 conjunxit,
1222 1388 1403 1417 commisso-

840 1446 901 1477 que
915 1436 1025 1476 praelio
1041 1435 1160 1472 victus,
1174 1433 1231 1463 ubi
1245 1433 1325 1464 nihil
1337 1435 1405 1474 spei

839 1483 997 1522 reliquum
1032 1491 1096 1510 esse
1139 1479 1238 1517 vidit,
1274 1480 1403 1520 opipare

835 1539 910 1559 cum
939 1528 1062 1558 Petreio
1072 1549 1081 1564 ,
1107 1527 1249 1566 Pompeii
1279 1525 1381 1567 legato
1392 1549 1400 1563 ,

835 1575 979 1615 epulatus
1006 1580 1071 1610 est,
1102 1582 1139 1602 ac
1165 1572 1285 1602 mutuis
1308 1572 1401 1603 ambo

834 1620 1022 1651 vulneribus
1037 1624 1261 1650 concurrentes
1278 1619 1402 1652 fortiter

833 1666 1025 1697 ceciderunt.

883 1714 913 1743 5.
928 1711 1030 1754 Pigris
1045 1710 1166 1752 campis
1176 1722 1187 1741 :
1201 1712 1286 1753 Pigri
1299 1715 1400 1754 campi

835 1766 911 1789 sunt
917 1759 1018 1800 campi
1024 1758 1155 1795 steriles,
1162 1758 1219 1788 ubi
1226 1760 1331 1790 omnia
1339 1766 1400 1791 tor-

835 1812 922 1846 pent.
931 1807 1017 1835 Duas
1027 1814 1121 1835 zonas
1129 1803 1244 1846 gelidas
1253 1812 1400 1836 notat.—

839 1852 934 1893 Quod
938 1852 1022 1882 latus
1029 1862 1040 1880 :
1049 1861 1142 1891 quam
1149 1857 1270 1891 partem
1276 1852 1398 1891 mundi,

834 1898 978 1938 poetice;
995 1908 1068 1927 nam
1083 1897 1171 1927 nulla
1182 1903 1256 1927 sunt
1272 1899 1308 1928 in
1322 1908 1399 1938 quo-

835 1954 969 1985 cumque
992 1943 1088 1985 globo
1108 1943 1215 1974 latera.
1234 1943 1295 1974 Sed
1309 1955 1397 1976 zonae

835 1992 1000 2030 utriusque
1010 1996 1188 2030 temperatae
1195 1989 1309 2020 incolis
1319 2013 1328 2030 ,
1339 1998 1397 2022 ter-

832 2047 875 2066 rae
885 2036 924 2066 ad
934 2035 1043 2076 polum
1052 2036 1202 2066 arcticum
1211 2042 1243 2065 et
1251 2039 1396 2068 antarcti-

832 2093 907 2112 cum
923 2083 1005 2120 sitae,
1023 2081 1171 2112 videntur
1180 2088 1328 2114 extremae
1339 2106 1348 2121 ‚
1362 2091 1394 2114 et

830 2129 876 2159 ibi
897 2129 1007 2158 orbem
1021 2127 1222 2158 habitabilem
1237 2130 1326 2169 quasi
1344 2131 1394 2160 iu-

830 2173 932 2213 cludi,
956 2181 987 2204 et
1016 2175 1143 2216 gemino
1168 2173 1264 2204 latere
1292 2177 1395 2207 termi-

829 2222 897 2252 nari
920 2220 1047 2252 dixeris.
1072 2220 1179 2253 Malus
1198 2219 1324 2262 Jupiter
1343 2232 1394 2255 ter-
