1456 2508
483 100 485 103 “
505 97 585 129 Lm.
610 96 670 129 111,
687 96 778 129 ODE
799 95 860 128 IV.

1222 94 1291 136 239

179 153 336 193 Auditis
353 154 395 192 ’ἓ
415 166 464 192 an
482 166 544 193 me
562 154 662 193 ludit
680 153 856 193 amabilis
1276 162 1291 187 5

181 215 335 254 Insania
346 215 364 252 Ρ
381 215 575 262 ειῑιάἰνεῆεῐ
587 215 725 255 videor
743 216 829 268 pios

230 279 371 315 Errare
387 290 459 328 per
477 278 605 326 lucos,
628 290 787 315 amoenae

283 340 392 386 Quos
409 347 448 377 et
466 353 576 391 aquae
594 338 762 378 subeunt
780 346 819 376 et
838 351 954 376 aurae.

177 393 243 438 Me
258 398 443 438 fabulosae
464 399 491 447 3,
511 401 676 439 Vulture
692 400 732 437 in
751 400 926 451 Appu10,

178 459 337 499 Altricis
353 462 464 498 extra
479 461 595 499 limen
614 460 785 512 Apuliae,
1258 476 1288 493 xo

228 521 341 559 Ludo
359 522 637 574 fatigatumque
654 535 790 561 somno

283 583 438 622 Fronde
452 586 555 624 novat
566 598 732 637 puerum
748 582 949 636 palumbes

120 733 152 756 a.
179 722 335 755 Auditis?
353 722 476 754 sodales
498 724 652 766 interpel-

70 769 116 803 ht
124 771 215 813 quasi
227 769 293 811 jam
309 770 477 812 Calliopen
489 774 573 803 votis
586 773 653 802 suis

47 835 49 838 ·
70 814 229 858 docilem,
247 824 477 859 ementemque
497 819 652 850 exaudire

52 886 57 891 -
69 873 212 908 possent.
228 883 276 890 --
293 868 348 896 An
362 876 414 896 me
427 865 512 896 ludit
525 866 651 898 amabi-

69 911 111 944 lis
133 912 274 943 Insania
283 916 301 944 ι’
319 912 448 944 dubitat
469 920 592 951 tamen,
617 921 649 945 et

66 958 214 1000 iucundo
248 970 282 991 se
318 961 355 991 in
382 969 490 991 errore
527 962 647 992 versari

67 1007 244 1048 pmumit.
270 1024 319 1031 —-
341 1006 466 1038 Audire
494 1007 615 1039 videor
634 1019 646 1039 .-

67 1051 207 1085 dubinm
221 1052 373 1096 protinus
385 1054 504 1094 abjicit.
522 1055 647 1086 Audire

67 1098 210 1138 videm,
231 1101 264 1134 h.
280 1112 310 1133 e.
331 1100 441 1132 revera
457 1101 549 1134 audit
563 1102 646 1134 divi-

67 1157 120 1178 nae
140 1148 229 1181 vocis
251 1155 284 1180 et
308 1148 390 1190 Lyrae
417 1147 581 1181 modulos.
599 1167 647 1174 -—-

69 1195 117 1226 Ec
129 1194 205 1235 pios
230 1196 352 1226 Errare
368 1206 434 1236 per
455 1195 543 1226 lucos
573 1207 585 1226 .·
612 1208 646 1228 se

66 1242 103 1279 in
129 1252 263 1282 nemora
294 1243 376 1273 mus?
385 1253 395 1273 ς
423 1253 510 1273 sacra
542 1243 647 1285 abripi

66 1289 228 1332 intelligit.
255 1307 303 1314 -—-·
328 1290 478 1320 Amoenae
505 1291 592 1331 Quos
614 1299 648 1322 ee

67 1346 164 1378 aqua·
189 1336 323 1368 subeunt
351 1343 384 1367 et
407 1347 498 1367 auroe
521 1347 534 1366 .·
563 1338 644 1368 mire

66 1389 224 1415 oenmnat
231 1395 299 1416 vox
314 1383 367 1415 illa
384 1384 496 1422 unica,
512 1384 646 1415 subeunt

64 1440 142 1462 oum
149 1430 274 1462 duabus
280 1431 428 1469 vocibus,
439 1441 535 1472 aquoe
547 1437 578 1462 et
587 1442 645 1462 au-

66 1488 123 1510 rae.
143 1478 235 1510 Nihil
249 1479 335 1509 enim
353 1477 393 1508 ad
403 1477 643 1519 jucunditatem

66 1535 238 1563 nemorum
252 1526 351 1568 magis
368 1526 528 1567 pertinet,
547 1525 644 1567 quarn

65 1571 246 1603 rivulorum
268 1579 300 1603 et
325 1572 541 1614 zephyrorum
564 1573 644 1605 felix

67 1620 286 1658 consortium,
307 1621 366 1661 qui
390 1620 426 1650 iu
452 1619 643 1651 umbrosum

67 1665 222 1697 fornicem
234 1665 348 1697 subtus
366 1674 549 1708 penetrant,
563 1666 642 1701 dum

66 1711 121 1744 alii
139 1713 296 1745 substrata
310 1714 481 1744 arboribus
499 1715 641 1756 gramina

65 1758 133 1792 leni
151 1770 228 1792 cum
240 1771 405 1791 murmure
422 1762 557 1803 irrigant
566 1784 575 1799 ,
587 1761 642 1793 alii

52 1806 248 1846 §emmoni
257 1807 364 1838 afflatu
374 1808 470 1838 ramis
477 1816 509 1839 et
518 1808 642 1840 frondi-

64 1851 128 1885 bus
137 1853 236 1896 frigus
243 1855 463 1886 suavissimum
472 1856 640 1898 inspirant.

113 1901 146 1932 3.
165 1902 221 1932 Me
227 1901 392 1945 fizbulosoe
406 1913 418 1933 :
435 1902 481 1934 sic
499 1913 638 1934 connec-

64 1954 96 1978 te
122 1946 198 1979 cum
223 1949 494 1990 praecedentibus;
527 1956 636 1989 vates,

65 1994 226 2038 Calliopes
242 1997 384 2027 canentis
402 1996 569 2039 praesentia
584 1998 634 2028 in-

62 2042 218 2081 sanctus,
241 2041 396 2074 beneficia
418 2043 436 2074 εὶ
457 2045 560 2075 Musis
583 2055 636 2075 ac-

62 2096 155 2132 oepta
167 2096 275 2121 mente
287 2090 410 2128 recolit,
418 2098 451 2122 et
467 2092 580 2122 transit
594 2091 635 2122 ad

60 2137 277 2168 narrationem
289 2136 446 2180 prodigii,
464 2138 553 2179 quod
567 2140 635 2180 pri-

59 2193 151 2215 mum
164 2183 293 2215 illarum
306 2185 342 2216 iu
354 2195 387 2216 se
402 2185 635 2216 benevolentiae

58 2231 278 2273 tutin-aonium
298 2231 370 2264 fuit.
398 2251 445 2256 —
467 2232 635 2265 Fabulosae

699 722 874 765 palumbes
899 734 911 754 .·
931 724 1020 766 piget
1046 720 1165 753 referre
1187 722 1286 754 fuisse

705 771 884 801 nonnullos
899 771 1090 812 interpretes
1104 770 1163 812 qui
1171 780 1286 802 vocem

703 817 987 860 hauc‚fizbulosae‚
1005 828 1080 848 cum
1095 827 1176 848 voce
1194 818 1286 860 Apu-

704 864 758 895 11·ae
766 865 1026 907 conjungendam
1034 871 1211 896 censerent.
1222 866 1285 896 Fa-

702 911 830 942 bulosas
853 912 931 944 dicit
948 912 1121 954 palumbes
1138 911 1207 942 sive
1227 922 1283 944 co-

701 958 828 989 lumbas
856 959 897 990 de
926 960 1046 1001 quibus
1070 959 1124 990 hic
1154 959 1282 1000 agitur,

699 1005 776 1047 quia
793 1006 914 1037 scilicet
929 1018 970 1038 ex
984 1017 1023 1038 eo
1037 1013 1182 1048 tempore
1197 1006 1282 1038 mul-

700 1059 753 1083 tus
780 1052 820 1083 de
840 1055 879 1085 iis
900 1065 1005 1086 sermo
1029 1053 1108 1093 fuit,
1132 1053 1224 1095 quod
1241 1053 1281 1085 li-

700 1107 780 1141 quet
815 1112 856 1132 ex
881 1101 1092 1143 sequentibus
1126 1111 1136 1133 :
1165 1100 1282 1132 minem

701 1147 792 1188 quod
813 1147 908 1191 foret
945 1147 1092 1179 omnibus
1129 1148 1280 1190 Quicum-

700 1205 773 1235 que,
787 1202 848 1226 etc.
861 1196 974 1233 Porro,
985 1196 1056 1238 quis
1072 1197 1201 1237 ignorat
1213 1205 1283 1227 rem

699 1242 878 1282 quamlibet
923 1253 995 1284 quae
1034 1243 1175 1285 prodigii
1205 1243 1280 1274 loco

698 1287 806 1319 hahita
821 1297 868 1320 est
878 1312 886 1328 ,
902 1290 991 1321 vicos
1005 1297 1037 1321 et
1053 1290 1209 1332 oppidula
1227 1291 1279 1322 in-

698 1336 880 1370 colentibus
910 1348 967 1378 per
988 1337 1125 1380 longum
1153 1344 1280 1379 tempus

697 1383 732 1413 in
754 1394 810 1414 ore
827 1385 966 1415 versari?
985 1401 1032 1410 -—-
1046 1384 1201 1426 Apuliae:
1217 1385 1279 1416 du-

696 1429 774 1470 plex
789 1431 911 1472 Apulia
929 1438 976 1462 est
986 1454 995 1470 ,
1011 1438 1150 1474 utraque
1167 1433 1203 1463 in
1218 1434 1280 1464 Ita·

696 1476 758 1515 liin
782 1477 880 1508 altera
903 1477 1023 1510 dicitur
1046 1480 1167 1521 Apulia
1189 1481 1279 1511 Dau-

696 1524 769 1562 nia,
806 1536 880 1566 quae
915 1537 1005 1557 nunc
1040 1526 1080 1558 ab
1114 1527 1277 1570 indigenis

683 1571 877 1612 ·appellatur
900 1573 1022 1615 Puglia
1048 1573 1177 1614 Ρίαηα,
1208 1575 1276 1606 sive

699 1619 900 1660 Capitanaca
911 1643 919 1657 ,
938 1620 997 1651 ubi
1010 1621 1182 1663 Sipontum
1191 1645 1200 1661 ,
1211 1629 1274 1654 etc.

696 1665 807 1697 Altera
818 1674 954 1698 vocatur
969 1669 1090 1710 Apulia
1103 1671 1254 1701 Peucetia
1263 1694 1273 1710 ,

695 1713 753 1743 ubi
770 1715 899 1745 Barium
910 1738 919 1752 ,
936 1722 996 1748 etc.
1018 1717 1119 1747 Terra
1134 1717 1170 1748 di
1180 1718 1272 1750 Ban'.

695 1761 876 1793 Venusiam
888 1787 898 1802 ‚
916 1764 1042 1794 Horatii
1064 1766 1166 1806 patria
1179 1789 1187 1804 ,
1204 1774 1274 1797 erat

694 1807 730 1838 iu
758 1810 878 1850 Apulia
911 1810 1039 1842 Daunia
1065 1822 1162 1853 quam
1196 1813 1272 1844 ideo

693 1865 783 1886 suam
802 1857 950 1888 altricem
966 1859 1113 1890 nominat
1128 1870 1138 1893 :
1157 1860 1273 1892 Vultur

693 1912 803 1941 mons,
833 1904 944 1935 versus
970 1905 1123 1947 Apuliam
1150 1909 1270 1939 Pence-

693 1950 769 1980 tiam
783 1952 1048 1992 protendebatur.
1064 1955 1086 1984 J
1088 1965 1208 1986 uvmvc.
1222 1972 1270 1980 —-

694 1997 781 2027 Ludo
786 1997 1036 2042 fatigammque
1049 2011 1163 2032 somno
1186 2013 1198 2032 :
1220 2002 1270 2033 lu-

689 2044 738 2075 dis
750 2046 930 2085 puerilibus
938 2047 1058 2089 quibus
1071 2048 1268 2080 indulseram

687 2090 732 2123 ita
757 2091 943 2135 fatigatum,
970 2102 1025 2133 ut,
1049 2095 1194 2135 quamvis
1216 2107 1267 2128 re-

686 2139 813 2170 luctans
823 2163 832 2178 ‚
849 2150 964 2172 somno
980 2143 1086 2172 victus
1101 2149 1266 2184 gravatus-

687 2197 751 2228 que
771 2187 938 2226 jacuerim.
963 2190 992 2219 T
990 2189 1043 2219 itm
1067 2200 1119 2219 me
1137 2189 1268 2233 consec-

688 2241 755 2264 tum
769 2233 854 2265 curis
861 2257 872 2272 ,
891 2246 1068 2278 somnoque
1079 2245 1262 2279 gravatum,
