1456 2508
199 128 239 165 76
579 131 827 171 Q.1{0RAT11
850 131 1002 164 FLACCI

303 202 318 218 »
339 185 617 235 Nequicquam,
637 188 991 238 Vene1·is*praesidio
1010 191 1119 229 ferox
1133 188 1162 239 ⁵,

302 261 316 277 »
337 248 465 283 Pectes
483 246 690 294 caesariem,
710 257 891 298 grataque
910 250 1069 288 foeminis

303 322 317 338 υ
338 304 486 342 Imbelli
503 306 648 343 cithara
667 308 832 345 carmina
850 309 996 348 divides
1017 325 1026 347 :
1347 320 1377 344 1⁵

353 382 368 398 »
386 366 647 415 Nequiequam
664 367 828 405 thalamo
845 369 859 391 ⁶
876 383 1008 420 graves

302 441 316 456 »
337 426 488 471 Hamas,
506 434 544 462 et
562 427 694 464 calami
712 428 856 478 spicula
876 429 1008 467 Gnosii

301 501 315 516 ¹0
335 484 500 531 vitabis,
519 487 812 537 strepitumque,
831 497 869 525 et
886 490 1044 526 celerem
1062 489 1169 540 sequi

299 560 314 576 »
334 544 487 594 Ajacem
506 559 514 580 ε
537 555 678 591 tamen,
697 546 773 583 heu
787 551 907 586 serus!
924 549 1115 587 adulteros

353 621 368 637 »
390 604 520 641 Crines
538 605 694 654 pulvere
713 606 875 644 collines.
1345 626 1376 642 ιο

301 678 317 694 »
335 665 420 699 Non
439 663 663 700 Laertiaden
681 672 706 711 7,
727 665 884 702 exitium
904 675 976 703 tuae

300 739 315 755 1·
336 723 487 770 Gentis,
505 735 581 760 non
598 724 743 772 Pylium
762 727 922 763 Nestora
940 726 1117 776 respicis?

189 847 287 880 parat
311 841 346 870 in
367 842 514 881 praesenti
536 848 688 883 tempore.
713 861 760 866 —

198 888 328 927 Quanta
365 897 466 917 moves
487 887 634 928 fimera!
664 889 759 929 paulo

195 932 324 962 fortasse
337 930 500 971 audacias,
511 943 589 974 pro:
604 941 759 974 quantum

167 979 169 982 ’
195 978 315 1008 bellum
338 989 462 1016 moves,
486 989 526 1008 ex
547 990 612 1020 quo
637 987 684 1010 tot
709 981 759 1011 fu-

198 1034 272 1055 nera
289 1025 447 1055 orientur!
463 1027 556 1055 Hunc
573 1026 680 1056 locum
694 1028 761 1057 imi-

198 1077 282 1101 tatus
297 1077 343 1100 est
364 1073 441 1101 Stat.
458 1070 558 1102 Theb.
578 1073 642 1109 ΙΙΙ,
667 1083 732 1103 210
752 1083 759 1102 :

202 1118 347 1157 Quantus
362 1117 465 1157 equis,
489 1125 689 1159 quantusque
710 1119 761 1148 vi-

201 1163 244 1193 ris
259 1162 293 1192 in
301 1163 432 1203 pulvere
445 1174 550 1194 crasso
571 1165 694 1195 Sudor!
709 1165 739 1195 io
748 1168 762 1195 l

200 1209 355 1250 quantiam
377 1210 504 1239 crudele
529 1210 674 1241 rubebitis
693 1221 762 1242 am-

201 1257 282 1285 nes!
295 1272 341 1278 -
355 1256 482 1292 Pallas,
510 1255 626 1294 Parni,
645 1257 687 1287 ob
710 1269 760 1288 ce-

198 1301 287 1332 lebre
309 1301 394 1332 inter
414 1309 476 1332 tres
497 1301 569 1332 deas
585 1302 761 1341 judicium,

198 1354 230 1377 et
245 1348 404 1386 Trnjanis,
419 1348 462 1378 ob
477 1349 619 1379 Paridem
629 1372 638 1386 ‚
658 1351 762 1380 infen-

198 1394 328 1425 sissima.
345 1411 392 1418 —-
414 1394 546 1425 Rabiem
567 1403 680 1435 parat,
709 1403 760 1432 ut,

195 1451 293 1481 seque
322 1449 431 1471 armat
465 1448 497 1470 et
530 1441 657 1472 inseruit
691 1439 757 1478 ini,

197 1486 294 1518 Ovid.
311 1488 504 1525 Met.x111‚
521 1487 597 1524 544.

242 1533 272 1564 5.
292 1533 515 1574 Nequicqulzm
538 1533 669 1564 Veneris
677 1545 762 1574 pre*

194 1578 275 1609 sidio
284 1577 404 1619 firox;
417 1587 483 1610 arte
498 1579 589 1610 solita
610 1581 760 1610 Horatius

194 1625 365 1655 metuendo
378 1625 534 1656 bellorum
550 1626 713 1666 apparatui
725 1626 760 1655 il-

190 1670 256 1701 lico
273 1670 404 1709 subjicit
415 1671 520 1702 mollis
531 1679 562 1702 et
577 1672 760 1702 effoeminati

194 1718 254 1747 viri
271 1718 449 1758 imaginem.
468 1734 515 1740 -—-
532 1720 642 1748 Pectes
659 1728 758 1747 caesa-

193 1761 285 1799 riem,
313 1763 451 1794 ornabis.
477 1780 523 1786 —
545 1763 692 1793 Carmina
713 1763 760 1793 di-

192 1808 286 1840 vides.
316 1809 467 1840 Carmina
494 1809 631 1839 dividere
647 1809 759 1851 soemi-

193 1854 241 1885 nis
258 1861 327 1886 est:
346 1855 443 1885 modo
466 1855 557 1893 huic,
582 1856 678 1886 modo
702 1856 754 1885 alii

191 1900 327 1932 foeminae
345 1911 471 1931 carmen
494 1912 620 1939 canere;
643 1901 753 1932 eodem

190 1957 284 1978 sensu
299 1958 377 1988 quo,
403 1948 510 1978 oscula
524 1947 677 1984 dividere,
695 1948 751 1979 inf.

191 1995 207 2024 1
243 1994 284 2024 36
321 1994 351 2024 5.

215 2016 223 2031 ’
237 2040 269 2070 6.
293 2015 449 2070 'Thalama
467 2051 478 2070 :
495 2046 523 2070 te
543 2041 579 2070 in
604 2039 755 2069 cubiculo

190 2087 325 2127 turpiter
355 2088 531 2117 continens.
557 2103 604 2108 —
637 2085 756 2115 Graves

189 2131 314 2168 hastas,
345 2133 510 2170 exitiosas,
540 2132 685 2162 letiferas.
709 2148 756 2154 --

190 2178 319 2208 Cal-ami
334 2178 448 2208 Gnosii
461 2189 473 2208 .·
489 2179 614 2219 sagittas
628 2178 754 2209 Creten-

186 2234 232 2254 ses
251 2223 413 2267 intelligit,
429 2224 446 2254 a
467 2225 594 2263 Gnoso,
611 2223 683 2255 satis
699 2233 756 2254 no-

812 843 870 874 bili
886 844 986 874 Cretae
1000 843 1090 875 urbe.
1104 844 1228 885 Sagittae
1241 850 1344 875 autem
1358 845 1375 874 ὁ

812 888 911 919 canna
928 887 1050 920 Cretica
1062 889 1166 928 factae,
1180 891 1215 920 in
1226 897 1376 932 praestan-

812 935 939 965 tissimis
953 935 1167 974 habebantur,
1181 942 1212 966 et
1231 937 1293 978 ipsi
1307 937 1378 967 Cre-

813 988 858 1011 tes
873 991 953 1021 quos
978 981 1089 1012 contra
1110 982 1264 1020 Trojanos
1285 981 1377 1012 duxit

813 1026 1000 1058 Idomeneus
1015 1028 1129 1069 opti-i
1143 1029 1293 1070 sagittarii
1303 1027 1378 1058 fnis-

814 1084 846 1103 se
870 1073 1090 1114 perhibentur.
1121 1090 1167 1097 ——-
1195 1073 1378 1114 Strepitum-

814 1130 890 1160 qroe,
918 1119 1101 1160 praeliorum
1122 1120 1306 1151 tumultum.
1331 1137 1377 1151 .——

817 1165 956 1195 Celerem
969 1164 1058 1206 sequi
1068 1164 1203 1206 Ajacem
1210 1177 1223 1202 ;
1233 1165 1272 1196 de
1281 1166 1378 1205 Ajace

815 1211 906 1242 Oileo
934 1212 1093 1252 loquitur,
1125 1212 1183 1252 qui
1212 1210 1308 1252 ταχὺς
1339 1212 1378 1242 ab

813 1258 954 1288 Homero
977 1258 1168 1299 appellatur,
1187 1258 1226 1289 11.
1243 1256 1280 1297 β,
1299 1258 1376 1298 527.

813 1305 942 1334 —Heu
965 1306 1074 1334 serus!
1097 1305 1161 1334 Has
1183 1303 1262 1334 duas
1284 1314 1377 1335 voces

814 1350 987 1390 conjunge,
1004 1348 1047 1379 ita
1066 1356 1103 1380 ut
1116 1349 1302 1381 exclamatio
1324 1350 1378 1389 illa

814 1394 889 1431 Ιιειι,
911 1395 1030 1426 doloris
1046 1402 1077 1426 et
1097 1397 1377 1427 commiserationis

811 1441 982 1479 indicium,
999 1452 1066 1472 non
1086 1442 1122 1472 in
1136 1448 1270 1472 mortem
1292 1443 1377 1477 Pasi-

813 1487 861 1517 dis
876 1488 1014 1525 excidat,
1032 1487 1120 1529 quod
1130 1489 1286 1519 universae
1301 1488 1378 1528 odes

812 1533 920 1564 sensui
946 1541 1151 1575 repugnaret,
1178 1533 1233 1565 sed
1258 1535 1294 1565 in
1325 1535 1375 1565 ni-

811 1579 911 1610 minm
926 1580 1110 1624 retardatam
1119 1602 1127 1618 ,
1142 1591 1201 1621 p1¹o
1213 1582 1322 1622 pan-iae
1335 1580 1377 1610 fe·

810 1626 945 1661 licitam,
965 1628 1032 1665 ejus
1055 1627 1166 1657 mortis
1186 1626 1309 1657 horam.
1329 1644 1374 1650 ·—

811 1689 858 1695 —-
878 1671 1016 1703 Collines
1026 1673 1156 1713 pulvere
1176 1683 1187 1702 :
1211 1679 1375 1710 cruentato

811 1719 941 1759 pulvere
956 1719 1099 1750 foedabis,
1108 1735 1154 1743 ——-
1167 1718 1275 1748 Crines
1287 1719 1378 1749 adul-

812 1772 893 1794 teros
902 1777 915 1800 ‚·
931 1763 1142 1804 pulcherrima
1157 1763 1350 1806 metonymia
1365 1774 1373 1795 :
1392 1798 1403 1805 ο

812 1811 913 1840 crines
934 1810 1005 1840 illos
1027 1811 1285 1852 elegantissimos,
1307 1821 1374 1840 sce-

804 1857 876 1886 leris
892 1857 939 1885 tui
949 1866 1072 1886 causam
1082 1863 1112 1886 et
1121 1857 1210 1897 qnasi
1222 1857 1373 1888 conscios.

853 1913 867 1940 7
875 1925 881 1932 .
899 1901 1087 1932 Laertiaden
1096 1913 1108 1932 .·
1118 1902 1274 1943 Ulyssem,
1281 1904 1382 1935 Lacr--

807 1947 846 1976 tis
874 1946 1045 1978 filium.—-
1064 1947 1198 1987 Pylium.
1217 1949 1370 1984 Nestora,

807 1994 862 2033 qui
878 1994 1026 2034 regnabat
1035 1995 1068 2024 in
1078 1993 1170 2034 Pylo.
1181 1993 1287 2034 Pylos,
1296 1994 1372 2024 urbs

807 2039 921 2076 Elidis,
946 2040 980 2069 in
1004 2040 1232 2080 Peloponneso.
1247 2056 1293 2063 -
1312 2042 1372 2071 Re-

808 2085 900 2125 spicis
907 2097 919 2121 ;
929 2096 1088 2115 summum
1098 2085 1218 2116 Paridis
1226 2086 1373 2116 timorem

809 2131 926 2172 arguit,
953 2141 994 2161 ne
1022 2131 1216 2172 respicientis
1242 2130 1371 2170 quidem

807 2176 913 2206 hostes
941 2177 1002 2207 sibi
1028 2177 1192 2208 instantes.
1211 2193 1258 2200 —
1281 2177 1373 2207 Sala-

810 2222 924 2253 minius
949 2224 1085 2260 Tenem
1099 2222 1138 2255 de
1161 2233 1200 2254 eo
1219 2229 1266 2254 sat
1287 2222 1371 2260 fuse,
