1456 2508
364 66 367 69 ’
390 76 404 94 ι

543 101 623 132 LIB.
648 101 684 132 11
706 100 795 134 ODE
818 100 894 134 vn.

1266 97 1329 138 167

268 160 385 212 Fiegi
404 167 433 209 ²,
450 169 659 199 coronatus
676 160 843 198 nitentes

110 235 126 265 ἢ
323 221 574 260 Malobathro
590 221 706 272 Syrio
727 221 910 272 capillos?

103 275 120 294 ³
215 285 363 322 Tecum
383 281 582 334 Philippos
601 290 640 320 et
655 281 819 319 celerem
836 281 967 332 fugam

219 345 331 384 Sensi
352 343 385 392 ³,
409 344 543 382 relicta
558 356 637 382 non
653 342 754 381 bene
774 343 951 394 parmula
964 371 975 390 ‚
1299 358 1331 374 ιο

275 407 372 444 cam
393 406 516 443 fracta
529 405 675 451 virtus,
695 412 734 441 et
755 404 922 442 minaces

322 468 456 518 Turpe
475 465 607 505 solum'
617 464 778 516 tetigere
799 471 942 503 mento.

161 597 193 620 2.
207 587 394 618 Moraneem
409 586 494 629 soepe
509 586 594 619 diem
604 596 692 620 mero

112 634 210 679 Fregi
221 645 234 666 .-
250 635 396 678 frangere
420 635 506 666 diem
517 658 526 674 ‚
541 635 627 666 idem
646 643 694 667 est

111 692 167 722 ac,
190 690 324 724 partem
352 682 456 714 solido
493 683 623 714 demere
652 683 694 714 de

110 729 181 767 die,
197 728 295 772 supra
323 730 385 762 Od.
415 732 449 769 I,
472 741 501 770 1,
531 741 588 762 20.
609 730 694 761 Vide

110 784 223 809 notam
235 779 271 808 in
283 776 371 808 hunc
383 778 505 809 locum.
520 779 598 809 Dies
615 778 680 808 soli

110 823 170 856 dus
197 825 271 865 jure
302 825 514 867 appellandus
545 832 608 864 est,
636 826 694 867 qui

109 878 217 912 totus,
236 873 294 915 qui
314 873 457 916 integer,
473 873 509 903 in
531 872 628 903 rebus
645 883 694 903 se·

109 920 165 951 riis
173 920 464 960 consumitur,dato
472 919 512 950 ad
519 921 638 950 virium
647 931 693 951 re-

110 967 284 998 fectionem
298 969 418 1010 exiguo
437 967 690 1009 tempore,quod

110 1016 281 1046 necessitas
307 1015 461 1057 postulat.
496 1016 563 1056 Qui
593 1015 690 1045 nimis

72 1062 78 1071 ¹
109 1062 240 1105 longam
255 1063 320 1094 diei
339 1069 464 1104 partem
488 1062 542 1092 dat
559 1073 691 1103 compo-

79 1822 82 1824 ’
121 1819 193 1851 thro
230 1819 323 1861 Syrio

110 1110 307 1149 tationihus,
328 1110 406 1142 vere
428 1111 531 1152 ipsius
547 1109 691 1140 solidita-

111 1163 177 1188 tem
180 1156 332 1200 frangit,
345 1157 442 1188 solvit
463 1158 689 1198 integritatem.

110 1222 159 1229 —
177 1206 360 1236 Morantem
374 1216 386 1235 .·
401 1205 458 1247 qui
483 1204 579 1235 nobis
598 1204 692 1235 labo·

110 1262 180 1283 rem
200 1259 233 1284 et
258 1253 368 1296 gravia
389 1251 495 1283 studia
518 1252 692 1282 aversanti-

112 1299 173 1331 bus
185 1323 194 1339 ,
210 1299 349 1337 morari,
366 1299 455 1331 tarde
479 1299 582 1329 fluere
599 1299 691 1329 vide-

111 1347 220 1380 batur.
247 1348 334 1380 Male
354 1347 507 1379 nonnulli
532 1346 572 1376 de
589 1346 695 1389 longis

113 1401 147 1426 et
160 1395 278 1426 aaetivis
292 1394 407 1426 diebus
420 1395 691 1436 interpretantur3

114 1442 196 1484 quid
210 1442 299 1474 enim
313 1441 353 1473 ad
370 1453 456 1481 rem,
475 1452 516 1472 an
532 1442 635 1471 aestivi
651 1451 693 1471 an

114 1489 246 1521 hiberni
271 1490 340 1521 dies
357 1490 440 1527 sint,
460 1487 536 1519 cum
565 1488 606 1519 de
639 1499 694 1519 co-

116 1537 363 1568 messationibus
391 1537 519 1579 agitur?
541 1537 618 1567 Dies
642 1535 696 1566 hic

117 1583 340 1616 consideratur
369 1595 437 1615 non
456 1590 494 1614 ut
525 1584 697 1614 nocturnis

117 1631 259 1663 tenebris
288 1633 475 1674 oppositus,
501 1630 558 1661 sed
585 1638 623 1661 ut
652 1631 698 1661 vi-

116 1679 198 1721 ginti
211 1685 244 1710 et
255 1685 396 1721 quatuor
417 1679 507 1709 horis
527 1685 696 1718 constans,

115 1735 196 1768 quas
205 1735 280 1757 eum
290 1727 394 1757 amico
407 1725 554 1757 fefellisse
567 1737 599 1756 se
614 1736 697 1756 com-

117 1779 275 1805 memorat
300 1774 465 1805 Horatius.
483 1790 532 1797 ·-
546 1773 697 1804 Maloba-

346 1831 359 1851 .-
386 1819 625 1852 malobathrum
649 1827 697 1852 est

118 1867 251 1909 proprie
268 1867 379 1899 frutex
395 1867 565 1906 odoratus,
579 1869 615 1898 in
639 1870 695 1899 In-

118 1914 181 1946 diae
201 1914 377 1956 paludibus
398 1926 549 1952 nascens,
571 1915 588 1946 e
606 1917 699 1955 cujus

119 1961 198 1993 folio
233 1960 465 1994 conficiebatur
494 1970 699 2004 unguentum

120 2008 377 2048 nobilissimum3
405 2009 526 2040 dicitur
552 2010 677 2050 Syrium
687 2034 696 2049 ‚

121 2055 212 2098 quod
233 2067 275 2087 ex
302 2056 395 2088 India
416 2058 453 2088 in
469 2056 612 2098 Syriam,
632 2065 664 2088 et
682 2058 700 2089 ὁ

121 2102 215 2145 Syria
244 2106 383 2135 Romam
412 2103 430 2135 a
465 2105 698 2136 mercatoribus

123 2150 367 2192 deportabatur.

152 2216 154 2218 v
172 2199 204 2229 3.
219 2199 336 2229 Tecum
350 2197 515 2240 Philippos
529 2207 561 2230 et
568 2199 705 2230 celerem

113 2243 237 2288 fitgam
251 2245 345 2278 Sensi
356 2257 369 2278 .·
383 2246 521 2288 elliptiee
531 2269 540 2286 ,
558 2257 619 2289 pro
636 2256 644 2278 :
661 2253 707 2278 te-

745 595 822 619 cum
837 591 991 629 expertus
1004 595 1076 617 sum
1085 583 1200 616 malam
1211 594 1331 628 pugnae

746 635 963 677 Philippensis
987 634 1172 671 fortunam,
1193 640 1226 664 et
1252 644 1330 675 pro-

746 683 844 713 brum
865 682 976 714 celeris
1002 681 1096 724 fugae.
1126 699 1174 705 -
1202 678 1331 712 Relicta

747 741 812 761 non
829 730 911 760 bene
919 726 1077 771 parmuld
1086 740 1098 759 .·
1113 728 1198 760 nihil
1209 734 1257 759 est
1269 726 1329 760 cur

747 788 822 808 cum
849 778 973 816 amico,
995 777 1054 818 qui
1088 776 1194 818 culpae
1222 777 1329 815 testis,

746 827 804 867 qui
819 826 979 866 particeps
996 822 1106 854 forsan
1124 823 1244 862 fuerat,
1263 823 1329 854 dis-

746 873 877 903 simulet
898 873 1063 903 Horatius.
1083 872 1160 912 Quo
1182 877 1328 913 tempore

744 920 876 958 scribit,
891 919 1000 950 omnia
1024 919 1204 959 composita
1231 925 1329 950 sunt:

745 978 778 1012 v¹
840 1003 844 1008 Α
873 965 1080 1008 tranquillam
1105 967 1218 997 Romae
1247 966 1330 1008 agit,

746 1025 762 1045 a
852 1025 884 1045 m
902 1013 1055 1045 reducem
1073 1013 1241 1054 amplexus
1262 1020 1331 1052 est;

746 1069 796 1092 tot
831 1069 862 1092 et
885 1069 972 1092 tanta
996 1059 1167 1092 commoda
1186 1059 1331 1091 vividius

746 1110 863 1147 sentit,
879 1108 978 1151 quam
988 1115 1026 1139 ut
1040 1109 1173 1138 reticeat
1187 1118 1257 1139 non
1274 1108 1332 1139 ho-

746 1164 869 1187 nestam
888 1155 1019 1198 quidem
1030 1178 1039 1194 ,
1055 1154 1111 1186 sed
1135 1155 1263 1186 felicem
1281 1155 1332 1188 fu-

746 1215 818 1246 gam
828 1227 837 1243 ‚
850 1197 930 1234 §atis
946 1202 1076 1234 aliunde
1092 1209 1214 1235 notam.
1229 1204 1255 1234 F
1258 1213 1331 1245 uge-

746 1259 819 1282 rant
842 1261 974 1292 quoque
1001 1251 1154 1288 Alcoeus,
1179 1250 1333 1282 Archilo-

748 1299 846 1337 chus,
861 1297 1106 1329 Demosthenes.
1122 1299 1194 1328 Hoc
1206 1299 1248 1328 sit
1263 1298 1330 1330 dio-

750 1353 820 1377 tum
854 1356 924 1376 non
957 1344 997 1375 ad
1028 1344 1175 1383 laudem,
1206 1345 1263 1376 sed
1291 1346 1332 1377 ad

750 1394 994 1424 excusationem
1018 1393 1156 1424 Horatii.
1179 1410 1227 1416 —·
1250 1393 1331 1425 Ciam

740 1441 858 1484 fracta
873 1439 978 1471 virtus
988 1451 999 1470 .·
1007 1441 1179 1482 proprium
1193 1440 1332 1473 dedecus

749 1489 878 1526 fatetur,
887 1488 1024 1518 aliorum
1038 1487 1262 1520 fortitudinem
1275 1499 1332 1520 ex-

750 1536 855 1574 tollit,
871 1537 906 1566 in
929 1542 1070 1576 utroque
1093 1542 1201 1566 rectus
1216 1543 1247 1567 et
1260 1536 1332 1568 lau-

751 1582 877 1614 dabilis.
887 1600 935 1606 ——
947 1584 1052 1624 Turpe
1063 1582 1166 1614 solum
1173 1594 1184 1613 .·
1194 1583 1331 1614 humum

754 1632 910 1673 sanguine
929 1637 1103 1672 turpatam.
1119 1647 1168 1654 —-
1186 1630 1334 1663 Minaces

753 1680 888 1721 tetigere
906 1686 1015 1708 mento
1025 1690 1038 1709 :
1051 1679 1114 1709 viri
1125 1677 1224 1709 fortes
1234 1701 1244 1718 ,
1257 1677 1333 1710 cum

751 1726 788 1768 in
808 1726 875 1756 acie
896 1725 1038 1766 cadunt,
1063 1726 1170 1757 solent
1195 1726 1335 1757 humum

751 1772 904 1804 dentibus
917 1773 1010 1815 quasi
1024 1772 1177 1805 mandere
1187 1796 1197 1812 ‚
1210 1774 1263 1805 vel
1277 1773 1334 1805 de-

750 1821 931 1862 speratione
960 1831 998 1851 ae
1031 1821 1161 1859 furore;
1194 1821 1262 1860 vel,
1293 1833 1336 1853 ne

753 1879 850 1909 quem
878 1869 1036 1910 gemitum
1058 1867 1115 1898 sua
1142 1868 1336 1900 fortitudine

752 1915 924 1957 indignum
933 1915 1040 1947 edant.
1055 1916 1141 1946 Hinc
1154 1916 1266 1958 gallica
1279 1916 1337 1948 illa

752 1962 879 1993 locutio
902 1973 911 1994 ε
940 1963 1068 1994 mordre
1101 1962 1136 1993 la
1157 1963 1335 2004 poussiere.

754 2009 904 2040 Mc'naces
929 2021 941 2041 .·
974 2011 1076 2043 minas
1111 2010 1166 2041 vel
1198 2009 1268 2052 ipsa
1300 2012 1338 2042 in

754 2064 858 2088 morte
884 2057 1100 2099 praeferentes,
1126 2055 1176 2088 Ita
1204 2058 1339 2098 Florus,

756 2106 773 2135 1
790 2127 799 2143 ‚
829 2105 869 2135 18
893 2115 902 2137 2
934 2105 1086 2135 Omnium
1124 2103 1158 2135 in
1187 2105 1339 2137 manibus

759 2163 870 2189 enses,
906 2159 940 2183 ec
971 2151 1092 2183 relicta·
1125 2151 1160 2182 in
1197 2151 1340 2184 vultibus

760 2199 859 2230 minae
868 2223 878 2238 ‚
898 2207 934 2232 ec
951 2198 985 2230 in
999 2196 1070 2241 ipsd
1084 2205 1184 2231 morte
1195 2199 1245 2231 ira
1254 2199 1342 2234 vive-

761 2246 827 2279 bat.
