1404 2482
104 120 168 150 332

486 123 527 163 Q.
553 119 738 153 nonATn
762 120 912 153 FLAcm

109 255 1286 275 mummmmmmmmmmmwmfflw-

289 416 437 474 ODE
480 417 858 476 VIGESIMA
899 417 1112 475 NONA

401 588 494 632 AD
538 590 1002 636 MAECENATEM.

112 766 208 803 Ιὰιη,
227 765 260 796 in
277 766 346 797 Ode
364 765 475 797 octava*
490 767 619 809 hujusce
641 767 728 799 tertii
744 767 835 806 libri,
847 776 1018 809 patronum
1033 778 1123 799 suum
1141 767 1228 799 Urbis
1240 767 1298 798 ad-

159 821 407 858 ministrationi,
425 821 554 852 absente
568 823 728 864 Augusto,
741 823 947 864 praepositum
957 830 1124 854 motuterae
1136 821 1299 859 Horatius,

156 882 191 905 ut
204 873 308 906 civiles
325 886 417 906 curas
443 875 643 916 aliquamdiu
668 877 844 914 omitteret,
865 885 898 907 et
920 877 1004 908 inter
1023 877 1170 919 geniales
1190 876 1301 918 epulas

159 939 232 960 rure
252 929 350 960 otiari
364 941 434 960 cum
457 930 562 960 amico
583 941 638 960 suo
663 942 728 962 non
750 931 987 972 dedignaretur.
1009 933 1050 962 In
1070 930 1130 962 hoc
1147 930 1304 972 praesenti

159 982 302 1014 carmine
315 982 530 1014 invitationem
544 983 654 1022 iterat,
673 993 957 1027 argumentumque
965 984 1164 1025 praecipuum
1178 983 1272 1015 stanit
1285 985 1303 1014 ὲ

160 1037 245 1068 bono
257 1048 360 1069 rerum
369 1037 570 1079 publicarum
583 1046 683 1076 statu,
705 1039 722 1069 ὲ
740 1038 972 1081 tranquillitate
987 1039 1092 1076 urbis,
1106 1045 1138 1070 et
1151 1039 1169 1070 ὲ
1181 1039 1305 1070 soevien-

163 1091 243 1122 tibus
247 1092 390 1135 furentis
407 1092 569 1123 Caniculae
585 1093 762 1131 ardoribus,
774 1104 837 1134 quo
851 1101 991 1134 tempore
1006 1092 1153 1124 rusticari
1161 1092 1307 1136 gratissi-

163 1157 250 1178 mum
266 1154 322 1178 est.
346 1147 441 1184 Inde,
460 1148 506 1178 ad
519 1146 757 1188 philosophicas
778 1147 954 1179 sententias
969 1148 1010 1178 de
1025 1158 1111 1178 more
1128 1146 1304 1184 delabitur,

166 1207 200 1231 et
222 1200 447 1232 mediocritatis
466 1202 577 1232 laudes
597 1201 745 1237 inchoat,
766 1200 1042 1244 utriquejbrtunae
1052 1210 1168 1243 parem
1190 1211 1225 1231 se
1235 1211 1310 1242 pro-

157 1255 276 1297 fessus.

226 1382 444 1417 Tannum
463 1392 595 1430 regum
614 1380 815 1430 progenies
841 1390 864 1426 ¹,
876 1380 947 1418 tibi

225 1441 313 1477 Non
333 1439 418 1476 ante
437 1452 547 1476 verso
565 1440 646 1477 lene
661 1453 808 1477 merum
822 1439 917 1477 cado

279 1501 375 1536 Cum
392 1498 486 1536 flore
499 1527 508 1544 ‚
528 1502 713 1537 Maecenas
725 1527 734 1545 ,
750 1511 944 1546 rosarum,
965 1508 1002 1537 et

330 1561 461 1596 Pressa
480 1559 552 1596 tuis
566 1559 722 1597 balanus
740 1560 883 1609 capillis

225 1617 455 1656 Jamdudnm
471 1619 572 1669 apud
592 1632 650 1656 me
667 1629 733 1658 est.
755 1620 869 1670 Eripe
886 1628 923 1657 te
941 1632 1055 1658 morae
1078 1626 1113 1666 ¹3
1295 1630 1308 1654 ⁵

175 1760 188 1779 1
196 1748 374 1790 .Tyrrhena
384 1758 492 1790 regum
497 1747 669 1790 progenies
679 1758 691 1778 .·

126 1795 200 1826 vide
226 1794 342 1836 snpra,
375 1795 437 1827 Od.
469 1797 499 1832 1,
539 1806 551 1825 1
564 1817 573 1832 ‚
605 1805 632 1826 1.
647 1811 694 1818 —-

126 1841 196 1872 Tibi
205 1854 216 1873 :
230 1842 267 1872 in
278 1848 372 1872 tunm
383 1841 552 1872 honorem.
563 1858 608 1864 -
618 1842 692 1871 Nor:

125 1888 202 1919 ante
218 1898 314 1919 'verso
326 1887 408 1918 cado
425 1899 436 1918 :
450 1898 517 1918 non
533 1887 688 1926 jacebant,

125 1941 163 1964 ut
193 1935 230 1966 in.
257 1936 373 1965 nostris
395 1934 480 1964 cellis
508 1933 610 1971 dolia,
635 1933 691 1963 sed

125 1987 211 2011 recta
240 1980 364 2011 stabant
385 1987 528 2011 veterum
547 1990 620 2011 vasa
646 1982 691 2009 vi-

125 2027 231 2065 naria;
252 2025 356 2065 unde,
376 2034 413 2057 ut
439 2037 480 2056 ex
499 2027 537 2056 iis
558 2027 687 2063 vinum,

125 2072 165 2102 nd
179 2083 358 2103 mensarum
370 2083 464 2103 usum
475 2095 483 2110 ,
496 2072 687 2108 hauriretur,

124 2129 250 2150 necesse
270 2126 337 2150 erat
360 2128 395 2149 ea
415 2118 579 2156 inclinari,
602 2117 690 2159 quod

125 2175 164 2195 eo
189 2165 262 2206 loco
289 2165 377 2196 verti
396 2165 581 2206 appellatur.
608 2162 689 2195 Ciam

122 2211 228 2242 nutem
242 2211 381 2243 declarat
395 2211 546 2243 Horatius
555 2221 618 2241 non
632 2220 690 2240 an-

745 1749 774 1780 te
798 1749 914 1779 cadum
929 1757 1056 1779 versum
1081 1747 1196 1786 tuisse,
1219 1747 1312 1779 illum

745 1794 848 1826 adhhc
863 1797 1035 1831 intactum,
1055 1801 1086 1824 et
1099 1795 1202 1825 amico
1218 1793 1312 1836 digne

746 1842 929 1883 recipiendo
970 1841 1115 1881 religiose
1151 1848 1313 1871 servatum

743 1889 862 1919 innuit.
895 1906 940 1911 —
971 1887 1118 1918 Batanus
1143 1897 1155 1917 .·
1190 1885 1312 1928 glandis

743 1934 909 1965 odoriferae
929 1944 1044 1975 genus,
1058 1933 1075 1963 ὲ
1091 1933 1184 1972 cujus
1195 1933 1312 1964 nucleo

743 1981 849 2011 oleum
870 1980 1131 2021 pretiosissimum
1153 1979 1312 2020 exprime-

743 2026 846 2057 batur.
860 2044 907 2050 -—
921 2025 1116 2056 Iamdudum
1127 2035 1139 2054 .·
1155 2035 1213 2066 per
1229 2024 1311 2055 hanc

743 2083 873 2110 vocem,
897 2072 1026 2113 longam
1052 2070 1174 2101 visendi
1199 2072 1315 2102 Maece-

742 2119 823 2149 natis
846 2118 1074 2159 impatientiam
1087 2123 1187 2148 notat.

788 2175 819 2195 2.
838 2164 936 2204 Eripe
965 2172 995 2194 te
1021 2173 1118 2194 moroe
1130 2173 1142 2193 .·
1162 2172 1230 2194 uon
1244 2172 1310 2193 mo-

743 2219 830 2248 rare3
849 2211 913 2241 cite,
926 2209 1039 2240 adveni
1049 2220 1058 2248 3
1069 2208 1150 2240 nihil
1165 2206 1310 2251 amplius.
