1456 2508
165 122 182 141 2
545 112 586 152 Q.
612 111 795 142 HORATH
820 113 972 144 FLACCI

163 170 239 209 Sed
267 167 385 206 multe)
415 169 532 220 magis
562 169 741 207 extremis
765 170 922 220 judiciis
939 171 967 217 ⁶,
993 172 1057 209 tali
1076 172 1123 210 ad
1141 174 1352 223 Augustum

163 229 286 279 elogio
303 241 311 263 :

395 289 508 320 Horati
521 290 638 328 Flacci,
655 297 692 320 ut
706 290 785 329 mei,
800 300 923 321 memor
936 298 1012 322 esto.

215 384 409 430 Augustus
437 379 472 416 ei
498 380 742 430 epistolarum
768 380 935 418 officium
961 381 1117 428 obtulit,
1143 390 1186 419 ut
1211 382 1284 432 hpc
1303 381 1351 418 ad

162 443 407 477 Maecenatem
425 439 567 490 scripto
585 440 770 490 significat
790 454 798 476 :
819 440 919 476 Ante
936 442 1016 488 ipse
1042 442 1247 478 scribendis
1269 442 1352 489 epi-

162 501 268 536 stolis
292 500 501 534 amicorum
530 499 764 547 sufficiebam
788 516 798 536 :
825 513 925 535 nunc
949 501 1283 548 occupatissimus,
1315 509 1354 537 et

163 562 335 608 infirmus
341 587 353 604 ,
374 560 574 596 Horatium
593 568 762 596 nostrum
779 573 804 595 a
827 568 862 595 te
876 561 984 607 cupio
1001 562 1196 597 abducere.
1219 562 1356 597 Veniet

162 622 250 669 erg&
269 621 318 655 ab
337 619 646 668 istciparasitc'cd
663 620 798 656 mensd
813 627 827 649 '7
846 621 901 655 ad
912 621 1016 656 hanc
1041 621 1206 670 regiam,
1227 629 1267 657 et
1283 634 1352 658 nos

161 682 200 717 in
222 680 430 716 scribendis
444 680 611 727 epistolis
626 681 827 726 adjuvabit.
845 684 898 717 Ac
917 694 965 717 ne
987 681 1176 719 recusanti
1197 681 1350 731 quidem

160 751 226 779 aut
245 741 459 778 succensuit
476 741 679 791 quicquam
706 749 771 777 aut
796 741 1000 778 amicitiam
1018 754 1125 779 suam
1147 742 1319 792 ingerere
1337 742 1352 765 ὅ

160 800 281 838 desiit.
302 803 459 838 Exstant
479 801 646 851 epistolae
662 829 672 846 ‚
703 814 748 838 ex
778 801 918 851 quibus
934 830 944 849 ,
969 802 1181 851 argumenti
1208 802 1350 852 gratia,

158 875 281 911 pauca
299 860 456 911 subjeci.
472 862 583 897 Sume
603 862 671 897 tibi
685 862 834 910 aliquid
834 861 933 908 juris
950 864 1057 910 apud
1068 875 1147 908 me,
1166 863 1348 913 tanquc'zm

159 921 196 956 si
206 935 275 956 con
281 922 396 956 victor
408 920 632 967 milzisueris
639 935 654 966 ,·
670 921 850 970 quoniam
866 922 908 956 id
918 922 1006 957 uszls
1022 922 1121 957 mihi
1132 929 1252 958 tecum
1269 935 1350 959 esse

157 983 283 1026 volui,
301 983 422 1030 siper
440 982 698 1018 valetudinem
720 981 928 1030 tuamfieri
941 982 1075 1030 possit.
1091 984 1138 1020 Et
1159 991 1290 1020 rursus
1306 991 1320 1014 ⁹
1341 999 1350 1020 :

162 1043 197 1078 T
192 1043 238 1079 αἴ
258 1044 409 1092 qualem
438 1043 603 1078 habeam
631 1042 855 1079 memoriam
871 1042 1020 1090 poteris
1045 1055 1094 1078 ex·
1122 1043 1304 1090 Septimio
1322 1051 1350 1066 ¹0

155 1115 302 1152 quoque
320 1109 448 1138 nostro
461 1102 615 1147 audire;
639 1115 731 1138 nam
751 1102 886 1138 incidit
903 1109 946 1137 ut
966 1102 1029 1138 illo
1051 1104 1306 1150 corc'zmfieret
1323 1103 1350 1139 ὰ

158 1175 220 1199 me
241 1163 303 1199 tut*
315 1163 468 1198 mentio.
490 1163 622 1212 Neque
633 1163 669 1198 si
687 1170 725 1198 tu
744 1163 927 1210 superbus
947 1162 1158 1199 amicitiam
1178 1171 1349 1200 nostram

155 1223 348 1271 sprevisti,
368 1223 452 1260 ide&
468 1236 537 1259 nos
552 1236 697 1272 quoque
714 1228 1062 1275 ἀνθυπερφρονοῦμενῑῑ.
1082 1226 1268 1262 Praeterea
1279 1237 1350 1262 sae-

154 1283 204 1333 Ρὲ
219 1281 319 1320 inter
333 1283 425 1320 alios
438 1283 546 1333 Jocos
554 1284 801 1330 pacis-simum
808 1297 952 1331 penem
963 1290 991 1307 ¹²
1005 1291 1044 1321 et
1057 1285 1349 1321 homuncionem

97 1365 100 1371 ·
153 1344 431 1392 lepidissimum
451 1343 634 1394 appellat,
653 1346 804 1394 unaque
823 1353 859 1382 et
876 1345 993 1381 alterii
1005 1343 1230 1401 liberalitate
1244 1345 1351 1383 locu-

154 1402 325 1453 pletavit.
342 1403 492 1454 Scripta
508 1403 662 1453 quidem
681 1404 760 1454 ejus
779 1417 900 1454 usque
917 1403 1013 1442 adei>
1032 1404 1228 1456 probavit,
1244 1417 1351 1442 man-

154 1476 319 1514 suraque
334 1462 526 1515 perpetui>
556 1464 732 1514 opinatus
751 1474 828 1511 est,
856 1474 898 1502 ut
924 1478 1001 1502 non
1026 1465 1141 1502 modo
1162 1467 1350 1503 Saeculare

154 1537 307 1563 carmen
325 1525 631 1575 componendum
646 1525 873 1575 injunxerit,
889 1525 957 1563 sed
971 1534 1008 1563 et
1025 1526 1260 1564 Vindelicam
1273 1527 1351 1564 vic-

154 1586 291 1623 toriam
305 1585 453 1623 Tiberii
467 1585 677 1634 Drusique,
696 1586 961 1636 privignorum
978 1601 986 1623 :
1004 1599 1166 1636 eumque
1183 1588 1351 1637 coegerit

153 1654 312 1696 propter
340 1646 434 1691 hoc,
463 1644 589 1682 tribus
617 1645 828 1683 carminum
854 1645 962 1683 libris
974 1674 984 1693 ,
1014 1659 1061 1682 cx
1089 1647 1201 1696 longo
1231 1647 1351 1683 inter-

153 1706 271 1752 vallo,
290 1714 469 1756 quartum
488 1705 627 1742 addere
645 1720 653 1742 ε
672 1714 758 1756 post
772 1708 974 1745 Sermones
994 1719 1146 1756 quoque
1161 1707 1276 1745 lectos
1291 1706 1351 1745 sui

153 1867 269 1898 parvus
297 1867 397 1898 equus
423 1858 488 1887 sive
518 1857 625 1887 mulus
636 1879 644 1894 ‚
678 1858 729 1888 vel

151 1904 251 1935 homo
267 1903 396 1944 quidam
409 1904 536 1944 ignotus
546 1925 555 1941 ‚
571 1903 724 1940 Ninnius,

150 1951 211 1992 qui
228 1947 401 1980 admodum
422 1949 609 1981 macilentus
631 1957 710 1980 esset
719 1973 727 1988 ‚

154 1995 380 2039 intelligendus
392 2002 448 2027 est.
463 2013 511 2020 —-
519 1996 552 2027 6.
565 1996 728 2026 Exci-emis

151 2042 291 2084 judiciis,
309 2049 507 2074 testamento.
522 2060 571 2067 ——
582 2053 612 2082 7.
629 2045 728 2073 Para·

155 2087 249 2121 sicicd
261 2087 388 2126 mensd,
401 2090 454 2119 cui
465 2088 552 2130 apud
565 2096 595 2119 te
607 2096 638 2120 et
651 2089 728 2120 alios

155 2136 268 2179 gratis,
279 2136 314 2167 h.
328 2147 357 2168 e.
371 2136 463 2167 nullo
478 2137 509 2166 ei
520 2137 671 2177 imposito
685 2135 729 2166 of-

155 2182 230 2214 ficio
239 2205 249 2221 ,
263 2182 443 2214 adhibetur.
455 2199 503 2206 —
517 2182 548 2214 8.
566 2183 724 2224 Ingerere,

158 2240 216 2270 pro
230 2227 413 2272 'suggeret-e,
428 2228 461 2260 h.
478 2239 506 2261 e.
522 2229 669 2271 probare.
682 2245 729 2253 —--

782 1869 814 1899 9.
831 1860 875 1889 Et
886 1860 1007 1896 nimiis,
1033 1858 1143 1900 parum
1159 1859 1255 1890 latine
1273 1870 1352 1900 pro,

781 1912 812 1934 et
830 1905 891 1935 alio
906 1913 1057 1947 tempore.
1074 1923 1120 1928 —-
1139 1916 1190 1937 10.
1207 1907 1262 1936 Ex
1279 1907 1352 1947 Sep—

781 1951 884 1987 timio,
904 1952 976 1982 vide
997 1951 1089 1998 depo
1110 1954 1144 1982 in
1162 1953 1296 1994 Argum.
1313 1952 1352 1982 ad

781 1998 884 2034 11‚·6.
903 2015 948 2021 —
967 2009 1017 2029 11.
1032 1998 1352 2043 Ανθυπερφρονοῦμεν,

780 2044 918 2074 vicissim
940 2045 1070 2086 superbi
1092 2055 1213 2076 sumus.
1235 2062 1282 2068 -—
1299 2055 1349 2076 12.

780 2090 981 2121 Putissimum
994 2102 1130 2132 penem,
1149 2091 1231 2122 refer
1246 2091 1286 2122 ad
1301 2101 1351 2122 eas

781 2137 1023 2177 appellationes,
1047 2137 1166 2179 quibus
1179 2137 1272 2179 opud
1286 2140 1351 2169 Ro-

781 2193 891 2214 manos
905 2184 1070 2215 familiares
1085 2182 1210 2215 tamum
1224 2185 1308 2215 inter
1320 2195 1352 2214 se

781 2239 838 2270 per
847 2231 955 2269 jocum
973 2232 1006 2261 in
1025 2229 1087 2261 vita
1103 2232 1266 2261 communi
1285 2237 1352 2261 ut&
