1456 2508
575 113 656 144 Lm.
681 112 716 142 11
739 113 828 145 ODE
851 113 911 144 VI.
1291 108 1356 140 165

237 171 396 224 Jupiter
414 171 591 220 brumas,
608 180 646 210 et
660 171 806 210 amicus
821 171 951 210 Aulon

191 227 195 228 ⁷
237 233 371 273 Fen-tili
387 233 540 272 Baccho
560 233 589 282 ⁵,
608 233 811 272 minimum
827 232 999 272 Falernis

510 293 663 332 Invidet
682 294 780 332 uvis.
1324 307 1356 324 2⁰

239 356 308 395 Ille
329 365 365 395 te
381 369 532 395 mecum
549 356 656 394 locus
674 365 712 394 et
731 355 854 394 beatae

239 418 438 456 Postulant
456 429 582 467 arces5
601 415 659 455 ibi
677 425 720 455 tu
739 417 925 455 calentem

239 477 383 518 Debita
401 492 557 531 sparges
573 478 731 517 lacrima
746 478 914 516 favillam

502 539 610 578 Vatis
620 539 756 578 {mich

129 705 169 737 οὸ
183 704 482 747 praestantissimum
501 703 706 745 exprimitur.

179 752 211 784 5.
224 751 363 783 -Amicus
380 751 492 782 Aulon
496 750 611 795 firtili
629 753 711 781 Bac-

128 797 189 830 cho
202 810 214 831 :
228 799 354 839 Aulon,
371 809 467 830 mons
482 799 630 841 generosi
642 797 712 829 vini

127 846 219 878 ferax
243 848 280 878 in
309 845 466 879 Calahda.
480 846 711 877 —Mim'mitm

129 893 249 927 invidet
257 906 268 926 .·
283 894 416 937 paribus
431 901 486 925 aut
498 893 707 925 inferioribus

128 942 228 986 vulgo
243 952 312 974 non
326 941 520 974 invidemus.
531 960 577 965 —
587 944 711 972 Beatus

127 999 220 1021 ames
233 998 242 1022 :
256 1000 326 1022 non
339 990 471 1032 propri&
487 1000 574 1020 arces
588 991 709 1021 Taren—

128 1037 210 1068 tinas
219 1060 230 1076 ,
244 1037 281 1068 id
294 1044 342 1068 est
350 1047 460 1068 muros
474 1037 566 1068 urbis
584 1038 619 1067 in
631 1036 706 1068 loco

126 1083 311 1116 sublimiori
343 1083 446 1116 editos
473 1084 623 1127 intelligit
634 1108 643 1124 ,
665 1084 705 1115 de

126 1131 248 1174 quibus
289 1131 466 1174 Polybius,
508 1132 704 1175 fragmento,

125 1178 184 1211 lib.
196 1180 279 1211 VIII
288 1202 298 1219 ,
311 1185 343 1211 et
354 1180 418 1211 Tit.
433 1180 503 1212 Liv.
520 1179 578 1212 lib.
592 1182 705 1222 XXV3

761 702 817 734 sed
837 702 934 734 colles
949 702 1024 734 illos
1037 703 1112 734 vert}
1137 701 1348 734 foecunditate

763 750 819 782 sua
844 750 956 781 beatos
983 761 1066 792 quos
1095 750 1202 792 nuper
1229 760 1348 782 memo-

763 800 858 830 ravit.
873 815 920 821 —-
934 797 982 828 Ibi
999 805 1033 828 cu
1049 798 1212 829 calentem
1222 808 1234 829 .·
1250 797 1347 829 affec-

764 853 816 877 tus
834 847 935 888 spirat
953 846 1006 876 hic
1030 846 1122 877 locus
1139 846 1346 884 tenerrimos;

763 895 920 935 supponit
930 917 939 933 ‚
955 894 1007 924 vel
1021 891 1131 936 potiils
1146 894 1257 924 asserit
1278 895 1346 924 Ho-

762 942 864 972 ratius
881 942 917 972 in
937 941 1008 972 fatis
1019 964 1028 979 ‚
1043 942 1078 971 in
1094 940 1208 972 ordine
1222 947 1347 973 naturae

763 999 848 1027 esse,
872 995 910 1019 ut
936 990 1058 1020 amicus
1090 989 1153 1020 sibi
1185 995 1347 1030 superstes

761 1038 867 1075 vivat,
896 1042 928 1067 et
951 1043 1057 1067 certus
1087 1036 1154 1067 suis
1181 1035 1345 1068 cineribus

762 1084 890 1115 debitos
908 1084 1066 1122 honores,
1080 1085 1181 1124 justas
1200 1083 1346 1116 lacrimas

761 1131 964 1174 persolutum
990 1132 1048 1170 iri,
1066 1132 1263 1163 contrariam
1279 1131 1343 1175 hy-

761 1179 921 1223 pothesim
935 1175 1113 1222 praevid‘e‘re
1126 1179 1247 1211 renuit.
