1404 2482
449 89 531 123 m.
554 90 604 121 111
626 89 716 122 ODE
740 91 883 123 XXVII.

1207 92 1273 123 323

162 148 271 186 Rava
290 147 499 187 decurrens
516 149 610 200 lupa
625 150 826 188 Lanuvino
840 178 851 198 ,

373 212 556 260 Foetaque
570 210 720 261 vulpes!

160 271 330 320 Rumpat
345 278 384 307 et
403 283 560 322 serpens
575 271 651 308 iter
663 271 882 309 institutum
895 300 906 319 ,
1257 280 1271 305 ⁵

160 331 201 369 Si
218 344 288 383 per
306 330 509 383 obliquum
530 340 558 381 ²,
575 333 709 371 similis
724 333 871 384 sagittae

57 499 111 520 mo
138 487 195 520 suxi
224 489 356 531 egressis
382 499 475 530 parra
502 490 632 528 recinit,

57 545 226 579 praegnans
241 537 385 567 occurrit
399 538 505 575 canis,
521 537 573 567 vel
586 547 636 567 ra-

54 594 96 616 va
109 583 200 626 lupa,
214 583 266 615 vel
275 583 390 625 vulpes
404 583 517 615 recens
523 584 632 623 enixa,

52 637 116 663 ete.
130 638 195 663 etc.
219 632 288 674 Ego
306 631 432 670 autem,
456 641 634 672 quemcun-

53 688 119 720 que
133 677 272 710 amicitia
289 677 371 717 mea,
386 686 424 709 ut
439 678 579 717 bonum,
597 685 635 709 ut

53 725 162 768 pium,
191 725 342 768 dignatus
368 725 486 756 fuerim
504 748 514 763 ‚
538 726 634 757 illum

52 778 124 804 non
142 773 215 805 aute
237 774 300 804 iter
316 773 487 804 instituere
505 774 635 816 permit-

54 825 138 860 tam,
148 821 246 864 quim
258 819 341 851 coelo
353 830 478 858 sereno,
486 818 634 851 nondum

54 865 270 900 debaechame
282 874 488 909 tempestate,
508 878 634 908 auspex

50 915 218 956 pmvidus,
235 915 332 946 fausti
350 916 477 958 augurii
496 925 633 946 corvum

55 961 227 994 aboi-iente
238 962 390 1004 precibus
399 963 631 1002 suscitaverim,

56 1009 75 1040 ὁ
89 1010 182 1050 enjus
200 1017 296 1042 cautu
314 1009 439 1040 felicem
454 1010 632 1052 navigatio-

55 1061 130 1088 nem
155 1067 282 1099 sperare
313 1057 419 1088 liceat.
445 1058 559 1098 Neque
584 1065 632 1089 ta-

56 1114 133 1135 men
145 1110 232 1135 tuma
240 1104 425 1146 reponenda
440 1113 489 1136 est
502 1105 540 1135 in
549 1105 634 1136 faus-

56 1157 91 1182 to
104 1151 162 1182 illo
183 1153 291 1182 omine
305 1153 473 1191 securitas,
493 1159 531 1183 ut
549 1152 633 1183 nihil

56 1197 224 1239 posteaex
241 1198 310 1240 ipsa
330 1200 426 1229 maris
440 1206 494 1229 aut
516 1207 631 1231 vento-

54 1255 128 1276 rum
141 1245 248 1277 subita
265 1247 475 1277 conversione
487 1254 633 1278 metuen-

54 1291 133 1323 dum
147 1294 199 1325 sit.
216 1295 306 1325 Bona
323 1295 410 1324 enim
419 1295 543 1333 omina,
558 1305 633 1337 pro-

53 1349 183 1381 sperum
197 1340 358 1382 quidem
345 1352 364 1371 e
383 1349 481 1382 portu
497 1343 631 1380 exitum,

52 1396 246 1429 prosperum
263 1398 322 1430 per
339 1387 408 1419 dies
423 1388 548 1429 aliquot
557 1400 631 1420 cur-

52 1431 107 1464 sus
128 1435 280 1466 maritimi
314 1442 452 1465 tractum
478 1446 632 1476 praenun-

52 1481 132 1512 tim-e
148 1490 296 1523 possunt.
317 1482 379 1513 Sed
393 1492 462 1513 non
476 1482 554 1514 adeo
572 1483 632 1515 du-

53 1534 102 1559 rat
110 1528 244 1562 illorum
260 1531 451 1567 auctoritas,
468 1536 505 1560 ut
518 1540 633 1572 perpe·

53 1580 142 1606 tuam
156 1575 310 1608 fluctibus
324 1579 465 1618 quietem
480 1584 514 1607 et
526 1579 631 1609 ventis

51 1621 221 1664 imperent.
240 1626 268 1655 T
270 1625 344 1655 estis
369 1627 498 1666 Europa
513 1645 523 1662 ,
544 1636 629 1667 quae,

51 1669 124 1710 ipso
139 1671 232 1702 Jovis
247 1673 382 1703 numine
393 1671 539 1709 defensa,
562 1683 630 1704 non

52 1714 162 1748 minius
182 1717 229 1748 md
255 1726 419 1760 aspectum
449 1718 629 1751 belluarum

52 1764 248 1796 mni-inarum
276 1765 492 1807 fraudumque
523 1768 629 1798 omnis

51 1812 177 1852 generis
188 1813 308 1854 quibus
321 1821 420 1846 scatet
434 1819 555 1854 pontus
569 1823 627 1845 ex-

37 1862 41 1866 “
51 1857 178 1898 palluit.
189 1861 257 1892 sub
267 1861 387 1902 quibus
398 1868 506 1892 tamen
511 1867 628 1901 poten-

52 1905 190 1937 tionibus
199 1909 350 1949 auspiciis
370 1908 520 1950 navigare
535 1915 626 1949 pote-

52 1952 122 1983 rat?
131 1953 190 1984 His
202 1955 247 1984 ita
259 1957 413 1998 expositis
423 1979 432 1994 ‚
447 1955 487 1986 ad
501 1955 628 1997 singula

53 1999 150 2030 verba
163 2007 372 2036 transeamus.
385 2021 434 2028 ·—·
449 2005 563 2034 Parrae
578 2014 628 2034 re-

51 2046 191 2078 cinentis
207 2059 219 2078 .·
237 2051 360 2081 sinistri
381 2052 499 2082 ominis
512 2060 627 2082 vocem

50 2092 170 2125 iterum
218 2096 403 2139 iterumque
442 2100 627 2141 repetentis.

52 2142 149 2172 Parra
161 2141 202 2172 ad
213 2145 321 2175 aw'um
331 2153 564 2177 nocturnarum
578 2156 630 2188 ge-

51 2199 115 2220 nus
141 2192 300 2231 pertinet,
311 2199 342 2223 et
362 2192 436 2224 ideo
450 2194 630 2234 inauspica-

50 2244 92 2269 ta.
108 2238 212 2268 Testis
228 2247 275 2270 est
292 2240 413 2272 Plinius
425 2262 435 2279 ,
454 2240 512 2272 lib.
528 2241 608 2272 xlx
620 2262 630 2278 ,

692 490 844 525 Parram,
863 487 988 519 oriente
1013 487 1106 526 Sirio,
1132 488 1205 530 ipso.
1219 490 1274 521 die

692 547 758 566 non
787 546 958 577 apparere.
987 537 1071 577 Quae
1089 544 1274 577 sequuntur

691 583 813 614 nullius
829 584 1105 624 interpretationis
1119 591 1226 626 egent,
1240 591 1273 616 et

689 630 729 661 ad
754 637 902 661 veterum
929 631 1174 672 superstitiones
1201 638 1272 663 tau-

689 677 859 709 tummodo
899 677 1066 709 referenda
1106 685 1194 715 sunt.
1222 697 1271 703 —-

689 727 780 756 Rava
801 727 880 766 lupa
896 736 908 755 :
926 725 994 756 sive
1018 724 1058 757 de
1074 736 1158 756 voce
1178 726 1272 758 intel-

687 772 782 815 ligat3
796 783 871 805 nam
887 774 923 804 in
934 773 1088 805 Cicerone
1097 783 1170 804 φοι
1180 784 1270 814 mua,

687 819 722 850 id
734 825 798 860 est,
812 831 925 859 rauca,
941 821 1103 862 reperitur
1117 830 1127 853 :
1142 821 1211 851 sive
1228 821 1270 852 de

687 867 817 900 illarum
837 868 967 906 colore3
986 868 1078 898 color
1096 868 1202 899 autem
1221 879 1270 900 ra-

689 926 760 954 mas,
783 915 910 946 medius
933 922 980 945 est
1004 916 1089 946 inter
1102 915 1225 946 flavum
1238 923 1270 947 et

687 962 825 994 rubrum
845 962 901 1005 (la
917 963 1051 993 couleur
1066 974 1174 994 rousse
1183 963 1206 1004 ).
1222 981 1270 989 -—-

687 1010 739 1040 Ab
755 1021 836 1054 agro
850 1009 1019 1041 Lanuvino
1037 1021 1050 1040 .·
1063 1012 1269 1042 Lanuvinum

687 1058 768 1088 Latii
790 1057 946 1100 oppidum
962 1065 1028 1097 est,
1057 1058 1159 1100 prope
1183 1060 1268 1089 siam

686 1105 828 1146 Appiam
840 1129 849 1144 ‚
865 1116 923 1146 per
938 1115 1035 1146 quam
1047 1106 1109 1136 iter
1118 1105 1269 1137 habitura

686 1159 754 1182 erat
774 1153 923 1191 Galatea,
951 1152 1173 1183 Brundusium
1197 1164 1270 1185 ver·

686 1197 751 1238 siis,
769 1200 827 1231 ubi
842 1205 968 1242 portus,
980 1199 1068 1230 unde
1083 1199 1270 1232 solvebatur

685 1247 721 1278 iu
733 1247 891 1278 Graeciam
911 1247 978 1288 quo
996 1247 1051 1277 illa
1069 1248 1116 1278 ire
1132 1248 1266 1279 medita-

686 1293 793 1326 batur.
802 1297 1007 1336 —Foetaque
1017 1295 1136 1336 vulpes
1150 1306 1162 1325 .·
1178 1295 1265 1335 foetffl

685 1342 754 1372 sive
775 1353 873 1373 sensu
895 1343 1080 1380 communi,
1114 1343 1265 1385 gravida,

686 1395 723 1419 nt
732 1399 916 1432 praegnans
929 1388 1021 1419 canis
1030 1401 1044 1426 ;
1058 1390 1126 1420 sive
1135 1411 1144 1427 ‚
1169 1390 1266 1422 foetus

689 1438 835 1467 recenter
848 1437 945 1467 enixa
957 1459 966 1475 ,
978 1443 1017 1466 ut
1031 1438 1067 1467 in
1083 1436 1141 1468 illo
1155 1438 1264 1481 Virgi-

686 1483 774 1515 liano
785 1507 794 1522 ‚
812 1484 939 1516 AEneid.
954 1485 1047 1522 vm,
1062 1484 1130 1515 630
1143 1494 1152 1516 :
1163 1486 1264 1516 Fece-

686 1538 740 1560 rat
755 1539 788 1561 et
807 1531 912 1561 viridi
931 1531 1040 1562 foetam
1054 1532 1214 1563 Mavortis
1229 1533 1264 1564 in

686 1586 782 1608 antro
797 1578 1006 1609 Prooubuisse
1022 1578 1145 1620 lupam.

742 1636 774 1657 2.
794 1625 1066 1667 Siperobliquum
1081 1636 1093 1656 .·
1107 1624 1182 1657 cum
1191 1637 1264 1658 eve-

684 1673 733 1703 nit
753 1679 810 1712 ut,
839 1680 1021 1703 transverso
1042 1673 1134 1714 quasi
1152 1673 1264 1706 volatu

683 1720 768 1751 viam
795 1721 1045 1762 interrumpens,
1073 1719 1190 1752 similis
1213 1732 1264 1752 sa-

681 1767 774 1809 gieeoe
804 1775 926 1799 terreat
953 1777 1110 1806 mannos,
1142 1767 1176 1799 id
1214 1776 1263 1800 est

682 1825 785 1855 equos
806 1825 940 1845 cur-rum
958 1814 1141 1854 trahentes,
1165 1823 1199 1847 et
1215 1817 1261 1846 sic

681 1868 811 1893 vocatos
841 1872 989 1899 mannos,
1020 1863 1113 1903 quasi
1142 1864 1262 1905 anrigae

681 1908 798 1940 manui
811 1916 964 1941 assuetos.
984 1911 1034 1941 De
1046 1910 1108 1940 isto
1127 1920 1259 1951 serpeu-

681 1964 751 1987 rum
776 1966 893 1999 genere
915 1956 1015 1987 fldem
1038 1955 1114 1987 faoit
1135 1956 1260 1988 Plinius

683 2004 777 2042 vm,
789 2005 846 2035 23:
854 2006 887 2032 V
883 2004 1029 2046 ulgatum
1038 2010 1086 2035 ese
1096 2011 1261 2045 serpentes

679 2050 754 2082 illos
773 2049 867 2093 quasi
884 2051 1031 2093 jaculum
1051 2061 1095 2081 ex
1109 2051 1260 2083 arborum

681 2098 782 2129 ramis
805 2098 933 2129 vibrari
942 2122 952 2137 ‚
969 2109 1029 2129 nec
1040 2097 1178 2140 pedibus
1186 2106 1260 2129 tan-

683 2146 748 2176 tum
777 2146 956 2183 cavendos,
985 2145 1044 2176 sed
1079 2153 1111 2177 ec
1145 2145 1262 2178 missili

683 2194 803 2224 volare
817 2200 987 2225 tormento.
1009 2192 1099 2224 Idem
1121 2193 1262 2235 reperiam

684 2241 720 2271 in
727 2239 856 2279 AElian.‚
871 2240 912 2272 de
931 2242 1012 2273 nist.
1027 2238 1192 2280 anianI,
1206 2241 1262 2281 183
