<?xml version="1.0" encoding="UTF-8"?>
<!DOCTYPE html PUBLIC "-//W3C//DTD XHTML 1.0 Transitional//EN"
    "http://www.w3.org/TR/xhtml1/DTD/xhtml1-transitional.dtd">
<html xmlns="http://www.w3.org/1999/xhtml" xml:lang="en" lang="en">
 <head>
  <title>
</title>
<meta http-equiv="Content-Type" content="text/html;charset=utf-8" />
  <meta name='ocr-system' content='tesseract 3.04.00' />
  <meta name='ocr-capabilities' content='ocr_page ocr_carea ocr_par ocr_line ocrx_word'/>
</head>
<body>
  <div class='ocr_page' id='page_1' title='image "./quintushoratiusf01horauoft_0254.png"; bbox 0 0 1456 2508; ppageno 0'>
   <div class='ocr_carea' id='block_1_1' title="bbox 197 139 261 159">
    <p class='ocr_par' dir='ltr' id='par_1_1' title="bbox 197 139 261 159">
     <span class='ocr_line' id='line_1_1' title="bbox 197 139 261 159; baseline 0 0"><span class='ocrx_word' id='word_1_1' title='bbox 197 139 261 159; x_wconf 80' lang='lat'>220</span> 
     </span>
    </p>
   </div>
   <div class='ocr_carea' id='block_1_2' title="bbox 586 133 1006 182">
    <p class='ocr_par' dir='ltr' id='par_1_2' title="bbox 586 133 1006 182">
     <span class='ocr_line' id='line_1_2' title="bbox 586 133 1006 182; baseline 0.012 -20"><span class='ocrx_word' id='word_1_2' title='bbox 586 134 626 173; x_wconf 88' lang='lat' dir='ltr'>Q.</span> <span class='ocrx_word' id='word_1_3' title='bbox 651 133 833 182; x_wconf 64' lang='lat' dir='ltr'>nomm</span> <span class='ocrx_word' id='word_1_4' title='bbox 856 133 1006 167; x_wconf 77' lang='lat' dir='ltr'>FLACCI</span> 
     </span>
    </p>
   </div>
   <div class='ocr_carea' id='block_1_3' title="bbox 297 185 1376 642">
    <p class='ocr_par' dir='ltr' id='par_1_3' title="bbox 297 185 1376 642">
     <span class='ocr_line' id='line_1_3' title="bbox 297 185 1001 239; baseline 0.007 -16"><span class='ocrx_word' id='word_1_5' title='bbox 297 189 434 223; x_wconf 86' lang='lat' dir='ltr'>Favete</span> <span class='ocrx_word' id='word_1_6' title='bbox 446 185 599 236; x_wconf 84' lang='lat' dir='ltr'>linguis!</span> <span class='ocrx_word' id='word_1_7' title='bbox 617 189 782 225; x_wconf 85' lang='lat' dir='ltr'>carmina</span> <span class='ocrx_word' id='word_1_8' title='bbox 798 202 874 227; x_wconf 89' lang='lat' dir='ltr'>nou</span> <span class='ocrx_word' id='word_1_9' title='bbox 893 191 1001 239; x_wconf 75' lang='lat' dir='ltr'>prius</span> 
     </span>
     <span class='ocr_line' id='line_1_4' title="bbox 351 245 940 296; baseline 0.007 -14"><span class='ocrx_word' id='word_1_10' title='bbox 351 245 508 292; x_wconf 85' lang='lat' dir='ltr'>Audita,</span> <span class='ocrx_word' id='word_1_11' title='bbox 527 250 723 284; x_wconf 81' lang='lat' dir='ltr'>Musarum</span> <span class='ocrx_word' id='word_1_12' title='bbox 742 249 940 296; x_wconf 80' lang='lat' dir='ltr'><strong>sacerdos,</strong></span> 
     </span>
     <span class='ocr_line' id='line_1_5' title="bbox 401 305 980 357; baseline 0.005 -15"><span class='ocrx_word' id='word_1_13' title='bbox 401 305 618 355; x_wconf 75' lang='lat' dir='ltr'>Virginibus</span> <span class='ocrx_word' id='word_1_14' title='bbox 637 308 839 357; x_wconf 88' lang='lat' dir='ltr'>puerisque</span> <span class='ocrx_word' id='word_1_15' title='bbox 859 317 980 345; x_wconf 76' lang='lat' dir='ltr'>canto.</span> 
     </span>
     <span class='ocr_line' id='line_1_6' title="bbox 298 366 1376 419; baseline 0.006 -19"><span class='ocrx_word' id='word_1_16' title='bbox 298 368 443 414; x_wconf 81' lang='lat' dir='ltr'><strong>Regum</strong></span> <span class='ocrx_word' id='word_1_17' title='bbox 461 373 474 386; x_wconf 72' lang='lat'><strong>²</strong></span> <span class='ocrx_word' id='word_1_18' title='bbox 495 366 747 404; x_wconf 79' lang='lat' dir='ltr'>timendorum</span> <span class='ocrx_word' id='word_1_19' title='bbox 765 367 804 403; x_wconf 87' lang='lat' dir='ltr'>in</span> <span class='ocrx_word' id='word_1_20' title='bbox 819 369 995 418; x_wconf 87' lang='lat' dir='ltr'>proprios</span> <span class='ocrx_word' id='word_1_21' title='bbox 1014 381 1166 419; x_wconf 76' lang='lat' dir='ltr'>grege5‚</span> <span class='ocrx_word' id='word_1_22' title='bbox 1363 378 1376 402; x_wconf 91' lang='lat'><strong>⁵</strong></span> 
     </span>
     <span class='ocr_line' id='line_1_7' title="bbox 299 425 1035 475; baseline 0.004 -13"><span class='ocrx_word' id='word_1_23' title='bbox 299 427 421 473; x_wconf 80' lang='lat' dir='ltr'>Reges</span> <span class='ocrx_word' id='word_1_24' title='bbox 442 425 480 460; x_wconf 90' lang='lat' dir='ltr'>in</span> <span class='ocrx_word' id='word_1_25' title='bbox 498 426 598 474; x_wconf 82' lang='lat' dir='ltr'>ipsos</span> <span class='ocrx_word' id='word_1_26' title='bbox 618 426 817 475; x_wconf 85' lang='lat' dir='ltr'>imperium</span> <span class='ocrx_word' id='word_1_27' title='bbox 838 436 892 464; x_wconf 88' lang='lat' dir='ltr'>est</span> <span class='ocrx_word' id='word_1_28' title='bbox 912 428 1035 474; x_wconf 88' lang='lat' dir='ltr'>Jovis‚</span> 
     </span>
     <span class='ocr_line' id='line_1_8' title="bbox 351 484 887 536; baseline 0.004 -16"><span class='ocrx_word' id='word_1_29' title='bbox 351 484 451 521; x_wconf 84' lang='lat' dir='ltr'>Clari</span> <span class='ocrx_word' id='word_1_30' title='bbox 470 484 654 534; x_wconf 82' lang='lat' dir='ltr'>Giganteo</span> <span class='ocrx_word' id='word_1_31' title='bbox 674 485 887 536; x_wconf 85' lang='lat' dir='ltr'>triumpho,</span> 
     </span>
     <span class='ocr_line' id='line_1_9' title="bbox 402 545 982 594; baseline 0.002 -14"><span class='ocrx_word' id='word_1_32' title='bbox 402 546 543 581; x_wconf 83' lang='lat' dir='ltr'>Cuncta</span> <span class='ocrx_word' id='word_1_33' title='bbox 561 545 764 594; x_wconf 85' lang='lat' dir='ltr'>supercilio</span> <span class='ocrx_word' id='word_1_34' title='bbox 785 546 982 583; x_wconf 83' lang='lat' dir='ltr'>moventis.</span> 
     </span>
     <span class='ocr_line' id='line_1_10' title="bbox 300 604 899 642; baseline 0.002 -1"><span class='ocrx_word' id='word_1_35' title='bbox 300 607 363 641; x_wconf 82' lang='lat' dir='ltr'>Est</span> <span class='ocrx_word' id='word_1_36' title='bbox 382 613 423 641; x_wconf 86' lang='lat' dir='ltr'>ut</span> <span class='ocrx_word' id='word_1_37' title='bbox 443 604 524 641; x_wconf 88' lang='lat' dir='ltr'>viro</span> <span class='ocrx_word' id='word_1_38' title='bbox 547 605 606 640; x_wconf 89' lang='lat' dir='ltr'>vir</span> <span class='ocrx_word' id='word_1_39' title='bbox 621 604 731 642; x_wconf 71' lang='lat' dir='ltr'>latius</span> <span class='ocrx_word' id='word_1_40' title='bbox 750 605 899 642; x_wconf 88' lang='lat' dir='ltr'>ordinet</span> 
     </span>
    </p>
   </div>
   <div class='ocr_carea' id='block_1_4' title="bbox 191 778 769 2243">
    <p class='ocr_par' dir='ltr' id='par_1_4' title="bbox 191 778 769 2243">
     <span class='ocr_line' id='line_1_11' title="bbox 194 778 761 822; baseline 0.004 -11"><span class='ocrx_word' id='word_1_41' title='bbox 194 782 247 811; x_wconf 87' lang='lat' dir='ltr'>riis</span> <span class='ocrx_word' id='word_1_42' title='bbox 257 805 266 818; x_wconf 89' lang='lat'>‚</span> <span class='ocrx_word' id='word_1_43' title='bbox 276 781 457 822; x_wconf 80' lang='lat' dir='ltr'>praeibatur.</span> <span class='ocrx_word' id='word_1_44' title='bbox 470 778 553 819; x_wconf 74' lang='grc' dir='ltr'><strong>ἑκὰς,</strong></span> <span class='ocrx_word' id='word_1_45' title='bbox 565 792 588 811; x_wconf 90' lang='grc' dir='ltr'><em>ω</em></span> <span class='ocrx_word' id='word_1_46' title='bbox 606 778 679 818; x_wconf 60' lang='lat' dir='ltr'>{xm</span> <span class='ocrx_word' id='word_1_47' title='bbox 694 779 761 814; x_wconf 80' lang='grc' dir='ltr'>ἔστε</span> 
     </span>
     <span class='ocr_line' id='line_1_12' title="bbox 194 824 761 869; baseline 0.004 -12"><span class='ocrx_word' id='word_1_48' title='bbox 194 824 331 866; x_wconf 53' lang='lat' dir='ltr'>fideman.</span> <span class='ocrx_word' id='word_1_49' title='bbox 342 829 381 857; x_wconf 90' lang='lat' dir='ltr'>Et</span> <span class='ocrx_word' id='word_1_50' title='bbox 390 838 439 867; x_wconf 82' lang='lat' dir='ltr'>ap.</span> <span class='ocrx_word' id='word_1_51' title='bbox 451 827 630 858; x_wconf 83' lang='lat' dir='ltr'>callimach.</span> <span class='ocrx_word' id='word_1_52' title='bbox 643 830 761 869; x_wconf 86' lang='lat' dir='ltr'>Hymn.</span> 
     </span>
     <span class='ocr_line' id='line_1_13' title="bbox 195 868 763 914; baseline 0.004 -11"><span class='ocrx_word' id='word_1_53' title='bbox 195 873 235 903; x_wconf 88' lang='lat' dir='ltr'>ad</span> <span class='ocrx_word' id='word_1_54' title='bbox 252 874 394 914; x_wconf 86' lang='lat' dir='ltr'>Apollin.</span> <span class='ocrx_word' id='word_1_55' title='bbox 413 884 430 902; x_wconf 82' lang='lat'><strong>2</strong></span> <span class='ocrx_word' id='word_1_56' title='bbox 450 882 458 904; x_wconf 91' lang='lat'><strong>:</strong></span> <span class='ocrx_word' id='word_1_57' title='bbox 477 868 567 911; x_wconf 72' lang='grc' dir='ltr'>ἑκὰς,</span> <span class='ocrx_word' id='word_1_58' title='bbox 589 870 660 909; x_wconf 78' lang='grc' dir='ltr'>ἑκὰς</span> <span class='ocrx_word' id='word_1_59' title='bbox 684 872 763 910; x_wconf 77' lang='grc' dir='ltr'><strong>ὅστις</strong></span> 
     </span>
     <span class='ocr_line' id='line_1_14' title="bbox 196 917 762 962; baseline 0 -12"><span class='ocrx_word' id='word_1_60' title='bbox 196 917 334 962; x_wconf 75' lang='grc' dir='ltr'>ἀλιτρὸςς</span> <span class='ocrx_word' id='word_1_61' title='bbox 353 929 448 959; x_wconf 88' lang='lat' dir='ltr'>quam</span> <span class='ocrx_word' id='word_1_62' title='bbox 466 918 649 957; x_wconf 85' lang='lat' dir='ltr'>formulam,</span> <span class='ocrx_word' id='word_1_63' title='bbox 666 921 762 950; x_wconf 78' lang='lat' dir='ltr'>verbo</span> 
     </span>
     <span class='ocr_line' id='line_1_15' title="bbox 196 964 760 1006; baseline 0.002 -11"><span class='ocrx_word' id='word_1_64' title='bbox 196 965 234 995; x_wconf 84' lang='lat' dir='ltr'>ad</span> <span class='ocrx_word' id='word_1_65' title='bbox 245 965 320 995; x_wconf 85' lang='lat' dir='ltr'>verb</span> <span class='ocrx_word' id='word_1_66' title='bbox 325 975 387 1001; x_wconf 88' lang='lat' dir='ltr'>um,</span> <span class='ocrx_word' id='word_1_67' title='bbox 398 964 760 1006; x_wconf 77' lang='lat' dir='ltr'>reddiditvirg.AEn.V1‚</span> 
     </span>
     <span class='ocr_line' id='line_1_16' title="bbox 199 1006 765 1052; baseline -0.002 -10"><span class='ocrx_word' id='word_1_68' title='bbox 199 1013 240 1042; x_wconf 82' lang='lat'>25</span> <span class='ocrx_word' id='word_1_69' title='bbox 245 1011 262 1040; x_wconf 82' lang='grc'><strong>3</strong></span> <span class='ocrx_word' id='word_1_70' title='bbox 273 1020 280 1042; x_wconf 88' lang='lat'>:</span> <span class='ocrx_word' id='word_1_71' title='bbox 293 1011 418 1047; x_wconf 84' lang='lat' dir='ltr'>Procul,</span> <span class='ocrx_word' id='word_1_72' title='bbox 433 1006 453 1040; x_wconf 75' lang='grc' dir='ltr'><em>ὅ</em></span> <span class='ocrx_word' id='word_1_73' title='bbox 455 1011 571 1050; x_wconf 84' lang='lat' dir='ltr'>procul</span> <span class='ocrx_word' id='word_1_74' title='bbox 576 1018 650 1048; x_wconf 84' lang='lat' dir='ltr'>este,</span> <span class='ocrx_word' id='word_1_75' title='bbox 657 1011 765 1052; x_wconf 79' lang='lat' dir='ltr'>profa-</span> 
     </span>
     <span class='ocr_line' id='line_1_17' title="bbox 200 1056 764 1097; baseline 0 -10"><span class='ocrx_word' id='word_1_76' title='bbox 200 1057 236 1087; x_wconf 82' lang='grc' dir='ltr'>ηἱ</span> <span class='ocrx_word' id='word_1_77' title='bbox 244 1058 419 1087; x_wconf 71' lang='lat' dir='ltr'>.&#39;—Favete</span> <span class='ocrx_word' id='word_1_78' title='bbox 437 1056 570 1097; x_wconf 79' lang='lat' dir='ltr'>linguis:</span> <span class='ocrx_word' id='word_1_79' title='bbox 588 1057 690 1087; x_wconf 81' lang='lat' dir='ltr'>favere</span> <span class='ocrx_word' id='word_1_80' title='bbox 703 1058 764 1087; x_wconf 87' lang='lat' dir='ltr'>lin-</span> 
     </span>
     <span class='ocr_line' id='line_1_18' title="bbox 197 1102 765 1144; baseline 0 -11"><span class='ocrx_word' id='word_1_81' title='bbox 197 1104 286 1144; x_wconf 85' lang='lat' dir='ltr'>guis,</span> <span class='ocrx_word' id='word_1_82' title='bbox 309 1103 471 1142; x_wconf 87' lang='lat' dir='ltr'>primitivo</span> <span class='ocrx_word' id='word_1_83' title='bbox 495 1113 588 1132; x_wconf 85' lang='lat' dir='ltr'>sensu</span> <span class='ocrx_word' id='word_1_84' title='bbox 609 1102 765 1142; x_wconf 83' lang='lat' dir='ltr'>significat</span> 
     </span>
     <span class='ocr_line' id='line_1_19' title="bbox 197 1148 765 1186; baseline -0.002 -7"><span class='ocrx_word' id='word_1_85' title='bbox 197 1150 260 1186; x_wconf 83' lang='lat' dir='ltr'>nil,</span> <span class='ocrx_word' id='word_1_86' title='bbox 283 1148 344 1177; x_wconf 85' lang='lat' dir='ltr'>nisi</span> <span class='ocrx_word' id='word_1_87' title='bbox 363 1148 446 1177; x_wconf 86' lang='lat' dir='ltr'>bona</span> <span class='ocrx_word' id='word_1_88' title='bbox 467 1148 562 1177; x_wconf 84' lang='lat' dir='ltr'>verba</span> <span class='ocrx_word' id='word_1_89' title='bbox 585 1155 616 1178; x_wconf 91' lang='lat' dir='ltr'>et</span> <span class='ocrx_word' id='word_1_90' title='bbox 634 1149 765 1179; x_wconf 75' lang='lat' dir='ltr'>feliciter</span> 
     </span>
     <span class='ocr_line' id='line_1_20' title="bbox 199 1193 764 1235; baseline 0.002 -11"><span class='ocrx_word' id='word_1_91' title='bbox 199 1195 340 1224; x_wconf 83' lang='lat' dir='ltr'>ominosa</span> <span class='ocrx_word' id='word_1_92' title='bbox 358 1193 479 1223; x_wconf 83' lang='lat' dir='ltr'>efferre.</span> <span class='ocrx_word' id='word_1_93' title='bbox 499 1193 637 1229; x_wconf 72' lang='lat' dir='ltr'>Idcircb,</span> <span class='ocrx_word' id='word_1_94' title='bbox 660 1195 764 1235; x_wconf 86' lang='lat' dir='ltr'>inquit</span> 
     </span>
     <span class='ocr_line' id='line_1_21' title="bbox 199 1239 763 1277; baseline -0.002 -6"><span class='ocrx_word' id='word_1_95' title='bbox 199 1242 311 1272; x_wconf 82' lang='lat' dir='ltr'>Cicero</span> <span class='ocrx_word' id='word_1_96' title='bbox 322 1262 331 1277; x_wconf 93' lang='lat'>,</span> <span class='ocrx_word' id='word_1_97' title='bbox 346 1240 455 1269; x_wconf 85' lang='lat' dir='ltr'>Divin.</span> <span class='ocrx_word' id='word_1_98' title='bbox 469 1240 533 1275; x_wconf 87' lang='grc' dir='ltr'><strong>ΙΙΙ,</strong></span> <span class='ocrx_word' id='word_1_99' title='bbox 552 1239 703 1269; x_wconf 84' lang='lat' dir='ltr'>Omnibus</span> <span class='ocrx_word' id='word_1_100' title='bbox 715 1251 763 1270; x_wconf 83' lang='lat' dir='ltr'>re-</span> 
     </span>
     <span class='ocr_line' id='line_1_22' title="bbox 199 1284 761 1327; baseline -0.002 -11"><span class='ocrx_word' id='word_1_101' title='bbox 199 1287 253 1316; x_wconf 78' lang='lat' dir='ltr'>bus</span> <span class='ocrx_word' id='word_1_102' title='bbox 268 1284 418 1327; x_wconf 79' lang='lat' dir='ltr'>agendis,</span> <span class='ocrx_word' id='word_1_103' title='bbox 433 1284 521 1325; x_wconf 83' lang='lat' dir='ltr'>quod</span> <span class='ocrx_word' id='word_1_104' title='bbox 535 1284 761 1327; x_wconf 75' lang='lat' dir='ltr'>bonum‚selix,</span> 
     </span>
     <span class='ocr_line' id='line_1_23' title="bbox 191 1330 762 1373; baseline -0.002 -11"><span class='ocrx_word' id='word_1_105' title='bbox 191 1331 357 1373; x_wconf 76' lang='lat' dir='ltr'>faustum,</span> <span class='ocrx_word' id='word_1_106' title='bbox 374 1330 641 1372; x_wconf 80' lang='lat' dir='ltr'>fortunatumque</span> <span class='ocrx_word' id='word_1_107' title='bbox 665 1339 762 1367; x_wconf 79' lang='lat' dir='ltr'>esset,</span> 
     </span>
     <span class='ocr_line' id='line_1_24' title="bbox 195 1376 766 1419; baseline -0.004 -11"><span class='ocrx_word' id='word_1_108' title='bbox 195 1377 435 1419; x_wconf 80' lang='lat' dir='ltr'>proesabancur,</span> <span class='ocrx_word' id='word_1_109' title='bbox 469 1376 619 1417; x_wconf 73' lang='lat' dir='ltr'><em>rebusque</em></span> <span class='ocrx_word' id='word_1_110' title='bbox 654 1376 766 1407; x_wconf 78' lang='lat' dir='ltr'>divinis</span> 
     </span>
     <span class='ocr_line' id='line_1_25' title="bbox 200 1422 769 1465; baseline 0 -12"><span class='ocrx_word' id='word_1_111' title='bbox 200 1435 272 1464; x_wconf 81' lang='lat' dir='ltr'>quae</span> <span class='ocrx_word' id='word_1_112' title='bbox 284 1422 554 1465; x_wconf 67' lang='lat' dir='ltr'>publicefierent,</span> <span class='ocrx_word' id='word_1_113' title='bbox 572 1429 607 1452; x_wconf 84' lang='lat' dir='ltr'>ut</span> <span class='ocrx_word' id='word_1_114' title='bbox 613 1422 769 1463; x_wconf 74' lang='lat' dir='ltr'>faverent</span> 
     </span>
     <span class='ocr_line' id='line_1_26' title="bbox 199 1468 762 1511; baseline -0.004 -11"><span class='ocrx_word' id='word_1_115' title='bbox 199 1468 317 1511; x_wconf 72' lang='lat' dir='ltr'>linguis</span> <span class='ocrx_word' id='word_1_116' title='bbox 358 1468 580 1508; x_wconf 79' lang='lat' dir='ltr'>imperabatur.</span> <span class='ocrx_word' id='word_1_117' title='bbox 620 1469 762 1507; x_wconf 75' lang='lat' dir='ltr'>Deinde,</span> 
     </span>
     <span class='ocr_line' id='line_1_27' title="bbox 200 1513 765 1554; baseline -0.004 -8"><span class='ocrx_word' id='word_1_118' title='bbox 200 1515 274 1546; x_wconf 76' lang='lat' dir='ltr'>cum</span> <span class='ocrx_word' id='word_1_119' title='bbox 302 1513 534 1554; x_wconf 74' lang='lat' dir='ltr'>nonnunquam</span> <span class='ocrx_word' id='word_1_120' title='bbox 561 1515 718 1551; x_wconf 81' lang='lat' dir='ltr'>eveniret,</span> <span class='ocrx_word' id='word_1_121' title='bbox 729 1522 765 1544; x_wconf 88' lang='lat' dir='ltr'>ut</span> 
     </span>
     <span class='ocr_line' id='line_1_28' title="bbox 199 1560 764 1600; baseline -0.002 -9"><span class='ocrx_word' id='word_1_122' title='bbox 199 1563 282 1591; x_wconf 89' lang='lat' dir='ltr'>iuter</span> <span class='ocrx_word' id='word_1_123' title='bbox 309 1560 451 1600; x_wconf 83' lang='lat' dir='ltr'>publicas</span> <span class='ocrx_word' id='word_1_124' title='bbox 476 1560 544 1590; x_wconf 86' lang='lat' dir='ltr'>illas</span> <span class='ocrx_word' id='word_1_125' title='bbox 568 1560 764 1590; x_wconf 78' lang='lat' dir='ltr'>acclamatio-</span> 
     </span>
     <span class='ocr_line' id='line_1_29' title="bbox 200 1606 765 1646; baseline 0 -9"><span class='ocrx_word' id='word_1_126' title='bbox 200 1618 271 1643; x_wconf 86' lang='lat' dir='ltr'><strong>nes,</strong></span> <span class='ocrx_word' id='word_1_127' title='bbox 286 1607 390 1646; x_wconf 81' lang='lat' dir='ltr'>aliqua</span> <span class='ocrx_word' id='word_1_128' title='bbox 400 1617 464 1636; x_wconf 82' lang='lat' dir='ltr'>vox</span> <span class='ocrx_word' id='word_1_129' title='bbox 479 1606 529 1635; x_wconf 87' lang='lat' dir='ltr'>vel</span> <span class='ocrx_word' id='word_1_130' title='bbox 541 1606 687 1636; x_wconf 82' lang='lat' dir='ltr'>obscoena</span> <span class='ocrx_word' id='word_1_131' title='bbox 696 1629 704 1643; x_wconf 85' lang='lat'>,</span> <span class='ocrx_word' id='word_1_132' title='bbox 715 1607 765 1637; x_wconf 85' lang='lat' dir='ltr'>vel</span> 
     </span>
     <span class='ocr_line' id='line_1_30' title="bbox 198 1651 764 1689; baseline -0.002 -6"><span class='ocrx_word' id='word_1_133' title='bbox 198 1653 306 1683; x_wconf 75' lang='lat' dir='ltr'>saltem</span> <span class='ocrx_word' id='word_1_134' title='bbox 319 1651 461 1682; x_wconf 84' lang='lat' dir='ltr'>indebita</span> <span class='ocrx_word' id='word_1_135' title='bbox 475 1651 647 1689; x_wconf 79' lang='lat' dir='ltr'>excideret,</span> <span class='ocrx_word' id='word_1_136' title='bbox 665 1659 764 1682; x_wconf 85' lang='lat' dir='ltr'>astan-</span> 
     </span>
     <span class='ocr_line' id='line_1_31' title="bbox 198 1697 763 1730; baseline -0.004 0"><span class='ocrx_word' id='word_1_137' title='bbox 198 1707 244 1730; x_wconf 79' lang='lat' dir='ltr'>tes</span> <span class='ocrx_word' id='word_1_138' title='bbox 267 1697 412 1728; x_wconf 86' lang='lat' dir='ltr'>sinebant</span> <span class='ocrx_word' id='word_1_139' title='bbox 441 1697 542 1727; x_wconf 88' lang='lat' dir='ltr'>solum</span> <span class='ocrx_word' id='word_1_140' title='bbox 571 1697 763 1728; x_wconf 86' lang='lat' dir='ltr'>sacerdotem</span> 
     </span>
     <span class='ocr_line' id='line_1_32' title="bbox 197 1743 764 1784; baseline -0.002 -9"><span class='ocrx_word' id='word_1_141' title='bbox 197 1744 294 1776; x_wconf 85' lang='lat' dir='ltr'>verba</span> <span class='ocrx_word' id='word_1_142' title='bbox 308 1744 458 1774; x_wconf 82' lang='lat' dir='ltr'>solemnia</span> <span class='ocrx_word' id='word_1_143' title='bbox 474 1743 615 1784; x_wconf 83' lang='lat' dir='ltr'>praefari,</span> <span class='ocrx_word' id='word_1_144' title='bbox 630 1753 702 1784; x_wconf 80' lang='lat' dir='ltr'>quae</span> <span class='ocrx_word' id='word_1_145' title='bbox 719 1755 764 1774; x_wconf 88' lang='lat' dir='ltr'>re-</span> 
     </span>
     <span class='ocr_line' id='line_1_33' title="bbox 200 1789 760 1832; baseline -0.002 -11"><span class='ocrx_word' id='word_1_146' title='bbox 200 1791 314 1832; x_wconf 81' lang='lat' dir='ltr'>ligioso</span> <span class='ocrx_word' id='word_1_147' title='bbox 323 1789 448 1819; x_wconf 85' lang='lat' dir='ltr'>silentio</span> <span class='ocrx_word' id='word_1_148' title='bbox 461 1790 521 1829; x_wconf 85' lang='lat' dir='ltr'>ipsi</span> <span class='ocrx_word' id='word_1_149' title='bbox 533 1790 760 1830; x_wconf 85' lang='lat' dir='ltr'>approbabant.</span> 
     </span>
     <span class='ocr_line' id='line_1_34' title="bbox 197 1834 764 1876; baseline -0.002 -10"><span class='ocrx_word' id='word_1_150' title='bbox 197 1835 311 1873; x_wconf 77' lang='lat' dir='ltr'>Unde,</span> <span class='ocrx_word' id='word_1_151' title='bbox 321 1834 437 1876; x_wconf 79' lang='lat' dir='ltr'>favere</span> <span class='ocrx_word' id='word_1_152' title='bbox 467 1834 585 1876; x_wconf 78' lang='lat' dir='ltr'>linguis</span> <span class='ocrx_word' id='word_1_153' title='bbox 611 1836 697 1865; x_wconf 90' lang='lat' dir='ltr'>idem</span> <span class='ocrx_word' id='word_1_154' title='bbox 729 1846 764 1865; x_wconf 89' lang='lat' dir='ltr'>ac</span> 
     </span>
     <span class='ocr_line' id='line_1_35' title="bbox 198 1880 765 1921; baseline -0.004 -9"><span class='ocrx_word' id='word_1_155' title='bbox 198 1882 289 1912; x_wconf 74' lang='lat' dir='ltr'>silere</span> <span class='ocrx_word' id='word_1_156' title='bbox 307 1880 414 1921; x_wconf 69' lang='lat' dir='ltr'>postea</span> <span class='ocrx_word' id='word_1_157' title='bbox 430 1880 765 1911; x_wconf 62' lang='lat' dir='ltr'>valuit.——]lIusarum</span> 
     </span>
     <span class='ocr_line' id='line_1_36' title="bbox 201 1926 767 1968; baseline -0.004 -10"><span class='ocrx_word' id='word_1_158' title='bbox 201 1927 369 1963; x_wconf 73' lang='lat' dir='ltr'>sacerdos,</span> <span class='ocrx_word' id='word_1_159' title='bbox 395 1929 424 1956; x_wconf 94' lang='lat' dir='ltr'><em>V</em></span> <span class='ocrx_word' id='word_1_160' title='bbox 424 1926 574 1968; x_wconf 79' lang='lat' dir='ltr'>1&#39;rginibus</span> <span class='ocrx_word' id='word_1_161' title='bbox 597 1927 767 1967; x_wconf 80' lang='lat' dir='ltr'>puerisque</span> 
     </span>
     <span class='ocr_line' id='line_1_37' title="bbox 201 1973 765 2013; baseline -0.002 -9"><span class='ocrx_word' id='word_1_162' title='bbox 201 1981 298 2004; x_wconf 81' lang='lat' dir='ltr'>canto</span> <span class='ocrx_word' id='word_1_163' title='bbox 310 1984 322 2002; x_wconf 90' lang='lat'>.·</span> <span class='ocrx_word' id='word_1_164' title='bbox 340 1973 411 2003; x_wconf 81' lang='lat' dir='ltr'>vide</span> <span class='ocrx_word' id='word_1_165' title='bbox 429 1979 664 2013; x_wconf 85' lang='lat' dir='ltr'>argumentum,</span> <span class='ocrx_word' id='word_1_166' title='bbox 684 1983 765 2013; x_wconf 91' lang='lat' dir='ltr'>prae-</span> 
     </span>
     <span class='ocr_line' id='line_1_38' title="bbox 202 2017 765 2050; baseline -0.005 0"><span class='ocrx_word' id='word_1_167' title='bbox 202 2021 309 2050; x_wconf 84' lang='lat' dir='ltr'>sertim</span> <span class='ocrx_word' id='word_1_168' title='bbox 330 2020 366 2048; x_wconf 88' lang='lat' dir='ltr'>in</span> <span class='ocrx_word' id='word_1_169' title='bbox 391 2017 519 2049; x_wconf 86' lang='lat' dir='ltr'>fine.—</span> <span class='ocrx_word' id='word_1_170' title='bbox 531 2019 683 2048; x_wconf 82' lang='lat' dir='ltr'>Carmina</span> <span class='ocrx_word' id='word_1_171' title='bbox 702 2029 765 2048; x_wconf 84' lang='lat' dir='ltr'>non</span> 
     </span>
     <span class='ocr_line' id='line_1_39' title="bbox 196 2064 764 2106; baseline -0.005 -10"><span class='ocrx_word' id='word_1_172' title='bbox 196 2066 287 2106; x_wconf 75' lang='lat' dir='ltr'>pric&#39;cs</span> <span class='ocrx_word' id='word_1_173' title='bbox 318 2065 430 2094; x_wconf 80' lang='lat' dir='ltr'>audita</span> <span class='ocrx_word' id='word_1_174' title='bbox 451 2075 464 2093; x_wconf 90' lang='lat'>.·</span> <span class='ocrx_word' id='word_1_175' title='bbox 490 2064 624 2095; x_wconf 86' lang='lat' dir='ltr'>subaud.</span> <span class='ocrx_word' id='word_1_176' title='bbox 647 2066 764 2094; x_wconf 78' lang='lat' dir='ltr'>Roma-</span> 
     </span>
     <span class='ocr_line' id='line_1_40' title="bbox 201 2109 763 2150; baseline -0.004 -9"><span class='ocrx_word' id='word_1_177' title='bbox 201 2111 260 2143; x_wconf 80' lang='lat' dir='ltr'>nis.</span> <span class='ocrx_word' id='word_1_178' title='bbox 289 2111 413 2142; x_wconf 83' lang='lat' dir='ltr'>Primus</span> <span class='ocrx_word' id='word_1_179' title='bbox 441 2109 524 2140; x_wconf 80' lang='lat' dir='ltr'>enim</span> <span class='ocrx_word' id='word_1_180' title='bbox 551 2111 634 2140; x_wconf 84' lang='lat' dir='ltr'>inter</span> <span class='ocrx_word' id='word_1_181' title='bbox 656 2117 763 2150; x_wconf 88' lang='lat' dir='ltr'>poetas</span> 
     </span>
     <span class='ocr_line' id='line_1_41' title="bbox 199 2155 766 2196; baseline -0.007 -7"><span class='ocrx_word' id='word_1_182' title='bbox 199 2159 330 2188; x_wconf 69' lang='lat' dir='ltr'>Latinos</span> <span class='ocrx_word' id='word_1_183' title='bbox 342 2157 462 2196; x_wconf 88' lang='lat' dir='ltr'>poesim</span> <span class='ocrx_word' id='word_1_184' title='bbox 477 2155 684 2196; x_wconf 75' lang='lat' dir='ltr'>philosophiae</span> <span class='ocrx_word' id='word_1_185' title='bbox 702 2165 766 2185; x_wconf 89' lang='lat' dir='ltr'>mo-</span> 
     </span>
     <span class='ocr_line' id='line_1_42' title="bbox 202 2200 766 2243; baseline -0.007 -9"><span class='ocrx_word' id='word_1_186' title='bbox 202 2204 258 2234; x_wconf 80' lang='lat' dir='ltr'>rali</span> <span class='ocrx_word' id='word_1_187' title='bbox 299 2202 452 2243; x_wconf 83' lang='lat' dir='ltr'>applicuit</span> <span class='ocrx_word' id='word_1_188' title='bbox 490 2202 640 2232; x_wconf 78' lang='lat' dir='ltr'>Horatius</span> <span class='ocrx_word' id='word_1_189' title='bbox 652 2224 661 2240; x_wconf 90' lang='lat'>‚</span> <span class='ocrx_word' id='word_1_190' title='bbox 692 2200 766 2231; x_wconf 73' lang='lat' dir='ltr'>cum</span> 
     </span>
    </p>
   </div>
   <div class='ocr_carea' id='block_1_5' title="bbox 811 778 1382 2231">
    <p class='ocr_par' dir='ltr' id='par_1_5' title="bbox 814 778 1379 951">
     <span class='ocr_line' id='line_1_43' title="bbox 814 778 1376 825; baseline 0 -12"><span class='ocrx_word' id='word_1_191' title='bbox 814 782 976 814; x_wconf 87' lang='lat' dir='ltr'>Lucretius</span> <span class='ocrx_word' id='word_1_192' title='bbox 998 779 1129 825; x_wconf 82' lang='lat' dir='ltr'>physica</span> <span class='ocrx_word' id='word_1_193' title='bbox 1154 778 1276 814; x_wconf 67' lang='lat' dir='ltr'>tantum</span> <span class='ocrx_word' id='word_1_194' title='bbox 1303 782 1376 825; x_wconf 81' lang='lat' dir='ltr'>Epi-</span> 
     </span>
     <span class='ocr_line' id='line_1_44' title="bbox 815 828 1378 870; baseline 0 -11"><span class='ocrx_word' id='word_1_195' title='bbox 815 831 885 859; x_wconf 81' lang='lat' dir='ltr'>curi</span> <span class='ocrx_word' id='word_1_196' title='bbox 911 829 1055 870; x_wconf 80' lang='lat' dir='ltr'>dogmata</span> <span class='ocrx_word' id='word_1_197' title='bbox 1085 836 1116 859; x_wconf 84' lang='lat' dir='ltr'>et</span> <span class='ocrx_word' id='word_1_198' title='bbox 1141 828 1274 859; x_wconf 80' lang='lat' dir='ltr'>deorum</span> <span class='ocrx_word' id='word_1_199' title='bbox 1301 839 1378 860; x_wconf 86' lang='lat' dir='ltr'>con-</span> 
     </span>
     <span class='ocr_line' id='line_1_45' title="bbox 815 874 1379 916; baseline 0.002 -12"><span class='ocrx_word' id='word_1_200' title='bbox 815 881 970 916; x_wconf 79' lang='lat' dir='ltr'>temptum</span> <span class='ocrx_word' id='word_1_201' title='bbox 986 882 1017 905; x_wconf 90' lang='lat' dir='ltr'>et</span> <span class='ocrx_word' id='word_1_202' title='bbox 1030 885 1112 905; x_wconf 83' lang='lat' dir='ltr'>verae</span> <span class='ocrx_word' id='word_1_203' title='bbox 1125 875 1235 907; x_wconf 67' lang='lat' dir='ltr'>ethicae</span> <span class='ocrx_word' id='word_1_204' title='bbox 1249 874 1379 905; x_wconf 86' lang='lat' dir='ltr'>subver-</span> 
     </span>
     <span class='ocr_line' id='line_1_46' title="bbox 815 920 1118 951; baseline 0 -1"><span class='ocrx_word' id='word_1_205' title='bbox 815 922 936 951; x_wconf 83' lang='lat' dir='ltr'>sionem</span> <span class='ocrx_word' id='word_1_206' title='bbox 950 920 1118 951; x_wconf 81' lang='lat' dir='ltr'>docuisset.</span> 
     </span>
    </p>

    <p class='ocr_par' dir='ltr' id='par_1_6' title="bbox 811 966 1380 2194">
     <span class='ocr_line' id='line_1_47' title="bbox 861 966 1378 1008; baseline -0.004 -11"><span class='ocrx_word' id='word_1_207' title='bbox 861 977 879 996; x_wconf 81' lang='lat'><em>2</em></span> <span class='ocrx_word' id='word_1_208' title='bbox 885 989 893 997; x_wconf 89' lang='lat'><strong>.</strong></span> <span class='ocrx_word' id='word_1_209' title='bbox 899 968 1018 1008; x_wconf 77' lang='lat' dir='ltr'>Regum</span> <span class='ocrx_word' id='word_1_210' title='bbox 1025 977 1035 996; x_wconf 92' lang='lat'><em>:</em></span> <span class='ocrx_word' id='word_1_211' title='bbox 1042 977 1143 996; x_wconf 87' lang='lat' dir='ltr'>nexus</span> <span class='ocrx_word' id='word_1_212' title='bbox 1153 966 1378 996; x_wconf 84' lang='lat' dir='ltr'>sententiarum</span> 
     </span>
     <span class='ocr_line' id='line_1_48' title="bbox 816 1012 1380 1052; baseline 0 -11"><span class='ocrx_word' id='word_1_213' title='bbox 816 1023 889 1042; x_wconf 89' lang='lat' dir='ltr'>cum</span> <span class='ocrx_word' id='word_1_214' title='bbox 897 1012 1162 1052; x_wconf 87' lang='lat' dir='ltr'>subsequentibus</span> <span class='ocrx_word' id='word_1_215' title='bbox 1171 1020 1180 1042; x_wconf 78' lang='lat'>2</span> <span class='ocrx_word' id='word_1_216' title='bbox 1194 1022 1315 1042; x_wconf 83' lang='lat' dir='ltr'>summa</span> <span class='ocrx_word' id='word_1_217' title='bbox 1324 1022 1380 1052; x_wconf 92' lang='lat' dir='ltr'>po-</span> 
     </span>
     <span class='ocr_line' id='line_1_49' title="bbox 817 1056 1378 1088; baseline 0 -1"><span class='ocrx_word' id='word_1_218' title='bbox 817 1064 909 1088; x_wconf 81' lang='lat' dir='ltr'>testas</span> <span class='ocrx_word' id='word_1_219' title='bbox 932 1068 999 1088; x_wconf 87' lang='lat' dir='ltr'>non</span> <span class='ocrx_word' id='word_1_220' title='bbox 1021 1058 1194 1087; x_wconf 82' lang='lat' dir='ltr'>feliciorem</span> <span class='ocrx_word' id='word_1_221' title='bbox 1215 1056 1378 1087; x_wconf 83' lang='lat' dir='ltr'>hominem</span> 
     </span>
     <span class='ocr_line' id='line_1_50' title="bbox 817 1102 1379 1146; baseline 0.002 -14"><span class='ocrx_word' id='word_1_222' title='bbox 817 1103 906 1141; x_wconf 80' lang='lat' dir='ltr'>facit3</span> <span class='ocrx_word' id='word_1_223' title='bbox 920 1113 1007 1144; x_wconf 85' lang='lat' dir='ltr'>reges</span> <span class='ocrx_word' id='word_1_224' title='bbox 1022 1103 1105 1146; x_wconf 78' lang='lat' dir='ltr'>enim</span> <span class='ocrx_word' id='word_1_225' title='bbox 1118 1109 1214 1144; x_wconf 81' lang='lat' dir='ltr'>super</span> <span class='ocrx_word' id='word_1_226' title='bbox 1228 1102 1304 1133; x_wconf 80' lang='lat' dir='ltr'>alios</span> <span class='ocrx_word' id='word_1_227' title='bbox 1320 1102 1379 1133; x_wconf 85' lang='lat' dir='ltr'>ela-</span> 
     </span>
     <span class='ocr_line' id='line_1_51' title="bbox 818 1147 1379 1189; baseline 0 -11"><span class='ocrx_word' id='word_1_228' title='bbox 818 1149 842 1178; x_wconf 82' lang='lat' dir='ltr'>ti</span> <span class='ocrx_word' id='word_1_229' title='bbox 856 1156 947 1186; x_wconf 88' lang='lat' dir='ltr'>sunt,</span> <span class='ocrx_word' id='word_1_230' title='bbox 964 1156 996 1179; x_wconf 89' lang='lat' dir='ltr'>et</span> <span class='ocrx_word' id='word_1_231' title='bbox 1018 1147 1169 1179; x_wconf 79' lang='lat' dir='ltr'>timentur</span> <span class='ocrx_word' id='word_1_232' title='bbox 1187 1148 1228 1178; x_wconf 78' lang='lat' dir='ltr'>ab</span> <span class='ocrx_word' id='word_1_233' title='bbox 1248 1148 1287 1178; x_wconf 76' lang='lat' dir='ltr'>iis</span> <span class='ocrx_word' id='word_1_234' title='bbox 1310 1149 1379 1189; x_wconf 79' lang='lat' dir='ltr'>qui-</span> 
     </span>
     <span class='ocr_line' id='line_1_52' title="bbox 817 1194 1380 1235; baseline 0 -11"><span class='ocrx_word' id='word_1_235' title='bbox 817 1194 878 1224; x_wconf 86' lang='lat' dir='ltr'>bus</span> <span class='ocrx_word' id='word_1_236' title='bbox 899 1196 1075 1235; x_wconf 86' lang='lat' dir='ltr'>imperant;</span> <span class='ocrx_word' id='word_1_237' title='bbox 1096 1194 1150 1224; x_wconf 89' lang='lat' dir='ltr'>sed</span> <span class='ocrx_word' id='word_1_238' title='bbox 1172 1194 1248 1234; x_wconf 79' lang='lat' dir='ltr'>ipsis</span> <span class='ocrx_word' id='word_1_239' title='bbox 1269 1194 1380 1224; x_wconf 79' lang='lat' dir='ltr'>timeu-</span> 
     </span>
     <span class='ocr_line' id='line_1_53' title="bbox 817 1239 1378 1281; baseline 0.002 -12"><span class='ocrx_word' id='word_1_240' title='bbox 817 1239 876 1269; x_wconf 89' lang='lat' dir='ltr'>dus</span> <span class='ocrx_word' id='word_1_241' title='bbox 891 1247 937 1270; x_wconf 89' lang='lat' dir='ltr'>est</span> <span class='ocrx_word' id='word_1_242' title='bbox 949 1241 1094 1280; x_wconf 77' lang='lat' dir='ltr'>Jupiter,</span> <span class='ocrx_word' id='word_1_243' title='bbox 1108 1240 1166 1281; x_wconf 90' lang='lat' dir='ltr'>qui</span> <span class='ocrx_word' id='word_1_244' title='bbox 1178 1246 1215 1269; x_wconf 84' lang='lat' dir='ltr'>ut</span> <span class='ocrx_word' id='word_1_245' title='bbox 1231 1239 1307 1270; x_wconf 75' lang='lat' dir='ltr'>olim</span> <span class='ocrx_word' id='word_1_246' title='bbox 1325 1240 1378 1270; x_wconf 88' lang='lat' dir='ltr'>Gi-</span> 
     </span>
     <span class='ocr_line' id='line_1_54' title="bbox 817 1285 1378 1326; baseline 0.002 -12"><span class='ocrx_word' id='word_1_247' title='bbox 817 1292 946 1326; x_wconf 82' lang='lat' dir='ltr'>gantum</span> <span class='ocrx_word' id='word_1_248' title='bbox 976 1285 1173 1326; x_wconf 78' lang='lat' dir='ltr'>superbiam,</span> <span class='ocrx_word' id='word_1_249' title='bbox 1197 1285 1242 1315; x_wconf 82' lang='lat' dir='ltr'>sic</span> <span class='ocrx_word' id='word_1_250' title='bbox 1268 1295 1378 1326; x_wconf 83' lang='lat' dir='ltr'>regum</span> 
     </span>
     <span class='ocr_line' id='line_1_55' title="bbox 818 1330 1378 1372; baseline 0 -11"><span class='ocrx_word' id='word_1_251' title='bbox 818 1332 892 1361; x_wconf 87' lang='lat' dir='ltr'>vitia</span> <span class='ocrx_word' id='word_1_252' title='bbox 914 1331 1045 1372; x_wconf 86' lang='lat' dir='ltr'>punire,</span> <span class='ocrx_word' id='word_1_253' title='bbox 1064 1337 1096 1361; x_wconf 89' lang='lat' dir='ltr'>et</span> <span class='ocrx_word' id='word_1_254' title='bbox 1117 1330 1275 1361; x_wconf 74' lang='lat' dir='ltr'>audaciam</span> <span class='ocrx_word' id='word_1_255' title='bbox 1293 1330 1378 1361; x_wconf 81' lang='lat' dir='ltr'>fran-</span> 
     </span>
     <span class='ocr_line' id='line_1_56' title="bbox 818 1376 1377 1418; baseline 0 -12"><span class='ocrx_word' id='word_1_256' title='bbox 818 1387 891 1417; x_wconf 85' lang='lat' dir='ltr'>gere</span> <span class='ocrx_word' id='word_1_257' title='bbox 903 1383 1021 1417; x_wconf 82' lang='lat' dir='ltr'>potest3</span> <span class='ocrx_word' id='word_1_258' title='bbox 1033 1377 1212 1418; x_wconf 83' lang='lat' dir='ltr'>quibusque</span> <span class='ocrx_word' id='word_1_259' title='bbox 1224 1376 1377 1417; x_wconf 86' lang='lat' dir='ltr'>denique,</span> 
     </span>
     <span class='ocr_line' id='line_1_57' title="bbox 818 1421 1378 1463; baseline 0 -11"><span class='ocrx_word' id='word_1_260' title='bbox 818 1429 854 1452; x_wconf 91' lang='lat' dir='ltr'>ut</span> <span class='ocrx_word' id='word_1_261' title='bbox 879 1423 1044 1453; x_wconf 89' lang='lat' dir='ltr'>hominum</span> <span class='ocrx_word' id='word_1_262' title='bbox 1066 1422 1285 1463; x_wconf 86' lang='lat' dir='ltr'>pauperrimo,</span> <span class='ocrx_word' id='word_1_263' title='bbox 1302 1421 1378 1452; x_wconf 81' lang='lat' dir='ltr'>olim</span> 
     </span>
     <span class='ocr_line' id='line_1_58' title="bbox 817 1467 1379 1508; baseline -0.002 -10"><span class='ocrx_word' id='word_1_264' title='bbox 817 1467 1016 1498; x_wconf 85' lang='lat' dir='ltr'>moriendum</span> <span class='ocrx_word' id='word_1_265' title='bbox 1039 1475 1094 1499; x_wconf 88' lang='lat' dir='ltr'>est.</span> <span class='ocrx_word' id='word_1_266' title='bbox 1118 1484 1164 1492; x_wconf 87' lang='lat'>--</span> <span class='ocrx_word' id='word_1_267' title='bbox 1179 1469 1218 1497; x_wconf 84' lang='lat' dir='ltr'>In</span> <span class='ocrx_word' id='word_1_268' title='bbox 1234 1467 1379 1508; x_wconf 80' lang='lat' dir='ltr'>proprios</span> 
     </span>
     <span class='ocr_line' id='line_1_59' title="bbox 813 1513 1378 1555; baseline 0.002 -12"><span class='ocrx_word' id='word_1_269' title='bbox 813 1524 927 1555; x_wconf 79' lang='lat' dir='ltr'>greges</span> <span class='ocrx_word' id='word_1_270' title='bbox 957 1524 969 1543; x_wconf 89' lang='lat'>.·</span> <span class='ocrx_word' id='word_1_271' title='bbox 999 1524 1065 1544; x_wconf 83' lang='lat' dir='ltr'>vox</span> <span class='ocrx_word' id='word_1_272' title='bbox 1094 1513 1134 1544; x_wconf 84' lang='lat' dir='ltr'>ab</span> <span class='ocrx_word' id='word_1_273' title='bbox 1162 1515 1301 1544; x_wconf 87' lang='lat' dir='ltr'>Homero</span> <span class='ocrx_word' id='word_1_274' title='bbox 1325 1513 1378 1544; x_wconf 88' lang='lat' dir='ltr'>de-</span> 
     </span>
     <span class='ocr_line' id='line_1_60' title="bbox 815 1559 1379 1601; baseline 0.002 -12"><span class='ocrx_word' id='word_1_275' title='bbox 815 1566 961 1600; x_wconf 81' lang='lat' dir='ltr'>prompta</span> <span class='ocrx_word' id='word_1_276' title='bbox 973 1582 982 1597; x_wconf 95' lang='lat'><strong>‚</strong></span> <span class='ocrx_word' id='word_1_277' title='bbox 996 1559 1080 1600; x_wconf 88' lang='lat' dir='ltr'>apud</span> <span class='ocrx_word' id='word_1_278' title='bbox 1094 1570 1190 1600; x_wconf 84' lang='lat' dir='ltr'>quem</span> <span class='ocrx_word' id='word_1_279' title='bbox 1203 1569 1290 1601; x_wconf 84' lang='lat' dir='ltr'>reges</span> <span class='ocrx_word' id='word_1_280' title='bbox 1307 1559 1379 1590; x_wconf 80' lang='lat' dir='ltr'>vul-</span> 
     </span>
     <span class='ocr_line' id='line_1_61' title="bbox 817 1604 1379 1648; baseline -0.002 -13"><span class='ocrx_word' id='word_1_281' title='bbox 817 1606 856 1646; x_wconf 74' lang='lat' dir='ltr'>go</span> <span class='ocrx_word' id='word_1_282' title='bbox 867 1628 875 1642; x_wconf 95' lang='lat'><strong>‚</strong></span> <span class='ocrx_word' id='word_1_283' title='bbox 891 1604 1031 1648; x_wconf 76' lang='grc' dir='ltr'>ποιμένες</span> <span class='ocrx_word' id='word_1_284' title='bbox 1051 1607 1134 1636; x_wconf 75' lang='grc' dir='ltr'><strong>λαῶν</strong></span> <span class='ocrx_word' id='word_1_285' title='bbox 1146 1628 1154 1643; x_wconf 93' lang='grc'><strong><em>,</em></strong></span> <span class='ocrx_word' id='word_1_286' title='bbox 1165 1612 1310 1645; x_wconf 83' lang='lat' dir='ltr'>pastores</span> <span class='ocrx_word' id='word_1_287' title='bbox 1322 1615 1379 1645; x_wconf 86' lang='lat' dir='ltr'>po-</span> 
     </span>
     <span class='ocr_line' id='line_1_62' title="bbox 811 1651 1379 1692; baseline 0 -12"><span class='ocrx_word' id='word_1_288' title='bbox 811 1652 959 1692; x_wconf 81' lang='lat' dir='ltr'>pulorum</span> <span class='ocrx_word' id='word_1_289' title='bbox 975 1651 1182 1692; x_wconf 82' lang='lat' dir='ltr'>appellantur.</span> <span class='ocrx_word' id='word_1_290' title='bbox 1195 1668 1242 1675; x_wconf 89' lang='lat'><strong>—</strong></span> <span class='ocrx_word' id='word_1_291' title='bbox 1259 1651 1379 1681; x_wconf 73' lang='lat' dir='ltr'>Cuncta</span> 
     </span>
     <span class='ocr_line' id='line_1_63' title="bbox 815 1696 1378 1737; baseline -0.002 -11"><span class='ocrx_word' id='word_1_292' title='bbox 815 1697 980 1737; x_wconf 80' lang='lat' dir='ltr'>supercilio</span> <span class='ocrx_word' id='word_1_293' title='bbox 1004 1696 1154 1727; x_wconf 79' lang='lat' dir='ltr'>moventis</span> <span class='ocrx_word' id='word_1_294' title='bbox 1177 1707 1188 1726; x_wconf 89' lang='lat'><em>:</em></span> <span class='ocrx_word' id='word_1_295' title='bbox 1212 1696 1378 1727; x_wconf 84' lang='lat' dir='ltr'>sublimem</span> 
     </span>
     <span class='ocr_line' id='line_1_64' title="bbox 815 1742 1379 1784; baseline -0.002 -12"><span class='ocrx_word' id='word_1_296' title='bbox 815 1743 896 1773; x_wconf 85' lang='lat' dir='ltr'>hanc</span> <span class='ocrx_word' id='word_1_297' title='bbox 912 1743 1079 1784; x_wconf 82' lang='lat' dir='ltr'>imaginem</span> <span class='ocrx_word' id='word_1_298' title='bbox 1097 1742 1136 1772; x_wconf 86' lang='lat' dir='ltr'>ab</span> <span class='ocrx_word' id='word_1_299' title='bbox 1148 1744 1287 1773; x_wconf 87' lang='lat' dir='ltr'>Homero</span> <span class='ocrx_word' id='word_1_300' title='bbox 1303 1751 1379 1782; x_wconf 85' lang='lat' dir='ltr'>quo-</span> 
     </span>
     <span class='ocr_line' id='line_1_65' title="bbox 815 1780 1379 1829; baseline -0.004 -10"><span class='ocrx_word' id='word_1_301' title='bbox 815 1799 875 1829; x_wconf 89' lang='lat' dir='ltr'>que</span> <span class='ocrx_word' id='word_1_302' title='bbox 894 1795 1055 1819; x_wconf 83' lang='lat' dir='ltr'>mutuatus</span> <span class='ocrx_word' id='word_1_303' title='bbox 1065 1795 1111 1819; x_wconf 85' lang='lat' dir='ltr'>est</span> <span class='ocrx_word' id='word_1_304' title='bbox 1119 1789 1234 1820; x_wconf 85' lang='lat' dir='ltr'>Noster</span> <span class='ocrx_word' id='word_1_305' title='bbox 1246 1780 1291 1820; x_wconf 65' lang='lat' dir='ltr'>:R</span> <span class='ocrx_word' id='word_1_306' title='bbox 1302 1810 1310 1825; x_wconf 94' lang='lat'>,</span> <span class='ocrx_word' id='word_1_307' title='bbox 1325 1784 1379 1817; x_wconf 71' lang='grc' dir='ltr'>καὶ</span> 
     </span>
     <span class='ocr_line' id='line_1_66' title="bbox 817 1831 1379 1877; baseline -0.002 -13"><span class='ocrx_word' id='word_1_308' title='bbox 817 1833 974 1868; x_wconf 72' lang='grc' dir='ltr'>κυανέῃσιν</span> <span class='ocrx_word' id='word_1_309' title='bbox 998 1833 1050 1864; x_wconf 76' lang='grc' dir='ltr'>ὑπ’</span> <span class='ocrx_word' id='word_1_310' title='bbox 1065 1831 1171 1877; x_wconf 79' lang='grc' dir='ltr'>ὀφρύσι</span> <span class='ocrx_word' id='word_1_311' title='bbox 1190 1835 1275 1864; x_wconf 80' lang='grc' dir='ltr'>νεῦσε</span> <span class='ocrx_word' id='word_1_312' title='bbox 1303 1835 1379 1875; x_wconf 78' lang='grc' dir='ltr'>Κρο-</span> 
     </span>
     <span class='ocr_line' id='line_1_67' title="bbox 816 1872 1377 1924; baseline 0 -14"><span class='ocrx_word' id='word_1_313' title='bbox 816 1878 922 1911; x_wconf 84' lang='grc' dir='ltr'><strong>νίων...</strong></span> <span class='ocrx_word' id='word_1_314' title='bbox 936 1879 1036 1924; x_wconf 76' lang='grc' dir='ltr'>μέγαν</span> <span class='ocrx_word' id='word_1_315' title='bbox 1048 1876 1209 1916; x_wconf 71' lang='grc' dir='ltr'><strong>δ’ἐλέλιξεν</strong></span> <span class='ocrx_word' id='word_1_316' title='bbox 1220 1872 1377 1922; x_wconf 76' lang='grc' dir='ltr'><strong>ὁλὺμπον.</strong></span> 
     </span>
     <span class='ocr_line' id='line_1_68' title="bbox 818 1924 1379 1962; baseline -0.004 -6"><span class='ocrx_word' id='word_1_317' title='bbox 818 1926 897 1956; x_wconf 89' lang='lat' dir='ltr'>Iliad</span> <span class='ocrx_word' id='word_1_318' title='bbox 915 1936 953 1962; x_wconf 81' lang='grc' dir='ltr'>οι,</span> <span class='ocrx_word' id='word_1_319' title='bbox 973 1926 1048 1957; x_wconf 82' lang='lat'><strong>528.</strong></span> <span class='ocrx_word' id='word_1_320' title='bbox 1072 1924 1221 1956; x_wconf 85' lang='lat' dir='ltr'>Eamdem</span> <span class='ocrx_word' id='word_1_321' title='bbox 1236 1924 1300 1955; x_wconf 72' lang='lat' dir='ltr'>fere</span> <span class='ocrx_word' id='word_1_322' title='bbox 1315 1934 1379 1955; x_wconf 87' lang='lat' dir='ltr'>om·</span> 
     </span>
     <span class='ocr_line' id='line_1_69' title="bbox 817 1971 1380 2012; baseline -0.005 -10"><span class='ocrx_word' id='word_1_323' title='bbox 817 1983 871 2002; x_wconf 87' lang='lat' dir='ltr'>nes</span> <span class='ocrx_word' id='word_1_324' title='bbox 896 1979 997 2012; x_wconf 86' lang='lat' dir='ltr'>poetae</span> <span class='ocrx_word' id='word_1_325' title='bbox 1022 1972 1140 2008; x_wconf 88' lang='lat' dir='ltr'>Latini,</span> <span class='ocrx_word' id='word_1_326' title='bbox 1163 1980 1222 2000; x_wconf 87' lang='lat' dir='ltr'>suo</span> <span class='ocrx_word' id='word_1_327' title='bbox 1245 1971 1380 2011; x_wconf 86' lang='lat' dir='ltr'>quisque</span> 
     </span>
     <span class='ocr_line' id='line_1_70' title="bbox 817 2016 1377 2053; baseline -0.005 -5"><span class='ocrx_word' id='word_1_328' title='bbox 817 2029 919 2053; x_wconf 83' lang='lat' dir='ltr'>more,</span> <span class='ocrx_word' id='word_1_329' title='bbox 942 2018 1184 2048; x_wconf 86' lang='lat' dir='ltr'>adornaverunt.</span> <span class='ocrx_word' id='word_1_330' title='bbox 1208 2016 1289 2047; x_wconf 84' lang='lat' dir='ltr'>Vide</span> <span class='ocrx_word' id='word_1_331' title='bbox 1320 2016 1377 2046; x_wconf 88' lang='lat' dir='ltr'>Ca-</span> 
     </span>
     <span class='ocr_line' id='line_1_71' title="bbox 815 2060 1376 2103; baseline -0.007 -9"><span class='ocrx_word' id='word_1_332' title='bbox 815 2063 884 2094; x_wconf 85' lang='lat' dir='ltr'>tull.</span> <span class='ocrx_word' id='word_1_333' title='bbox 895 2063 1029 2103; x_wconf 87' lang='lat' dir='ltr'>Epithal.</span> <span class='ocrx_word' id='word_1_334' title='bbox 1044 2062 1146 2099; x_wconf 81' lang='lat' dir='ltr'>Pelei,</span> <span class='ocrx_word' id='word_1_335' title='bbox 1167 2066 1252 2099; x_wconf 78' lang='lat'><strong>204;</strong></span> <span class='ocrx_word' id='word_1_336' title='bbox 1266 2060 1376 2102; x_wconf 88' lang='lat' dir='ltr'>Virgil.</span> 
     </span>
     <span class='ocr_line' id='line_1_72' title="bbox 817 2107 1376 2146; baseline -0.009 -6"><span class='ocrx_word' id='word_1_337' title='bbox 817 2108 937 2140; x_wconf 84' lang='lat' dir='ltr'>AEneid.</span> <span class='ocrx_word' id='word_1_338' title='bbox 954 2111 1004 2146; x_wconf 82' lang='lat' dir='ltr'>X,</span> <span class='ocrx_word' id='word_1_339' title='bbox 1026 2109 1108 2145; x_wconf 84' lang='lat'>115;</span> <span class='ocrx_word' id='word_1_340' title='bbox 1129 2107 1224 2139; x_wconf 84' lang='lat' dir='ltr'>Ovid.</span> <span class='ocrx_word' id='word_1_341' title='bbox 1247 2107 1376 2138; x_wconf 82' lang='lat' dir='ltr'>Metam.</span> 
     </span>
     <span class='ocr_line' id='line_1_73' title="bbox 818 2151 1377 2194; baseline -0.007 -10"><span class='ocrx_word' id='word_1_342' title='bbox 818 2156 851 2193; x_wconf 85' lang='grc' dir='ltr'>Ι,</span> <span class='ocrx_word' id='word_1_343' title='bbox 872 2165 955 2194; x_wconf 80' lang='lat'>179;</span> <span class='ocrx_word' id='word_1_344' title='bbox 982 2157 1058 2186; x_wconf 85' lang='lat' dir='ltr'>Stat.</span> <span class='ocrx_word' id='word_1_345' title='bbox 1081 2153 1182 2185; x_wconf 88' lang='lat' dir='ltr'>Theb.</span> <span class='ocrx_word' id='word_1_346' title='bbox 1198 2153 1293 2189; x_wconf 80' lang='lat' dir='ltr'>VIII,</span> <span class='ocrx_word' id='word_1_347' title='bbox 1322 2151 1377 2181; x_wconf 83' lang='lat'>82.</span> 
     </span>
    </p>

    <p class='ocr_par' dir='ltr' id='par_1_7' title="bbox 867 2196 1382 2231">
     <span class='ocr_line' id='line_1_74' title="bbox 867 2196 1382 2231; baseline -0.01 0"><span class='ocrx_word' id='word_1_348' title='bbox 867 2202 897 2231; x_wconf 88' lang='lat'>3.</span> <span class='ocrx_word' id='word_1_349' title='bbox 915 2201 973 2231; x_wconf 78' lang='lat' dir='ltr'>Est</span> <span class='ocrx_word' id='word_1_350' title='bbox 998 2207 1033 2230; x_wconf 81' lang='lat' dir='ltr'>ut</span> <span class='ocrx_word' id='word_1_351' title='bbox 1052 2199 1126 2230; x_wconf 82' lang='lat' dir='ltr'>viro</span> <span class='ocrx_word' id='word_1_352' title='bbox 1143 2197 1200 2230; x_wconf 77' lang='lat' dir='ltr'>vir</span> <span class='ocrx_word' id='word_1_353' title='bbox 1213 2196 1307 2230; x_wconf 66' lang='lat' dir='ltr'>latitas</span> <span class='ocrx_word' id='word_1_354' title='bbox 1334 2207 1382 2226; x_wconf 86' lang='lat' dir='ltr'>or-</span> 
     </span>
    </p>
   </div>
  </div>
 </body>
</html>
