1404 2482
445 103 524 136 ΠΒ.
549 103 600 134 111
625 102 713 134 ODE
737 101 865 134 xxm.

1205 104 1271 144 309

266 175 460 214 Pomisero
473 188 591 227 grave
608 183 760 226 tempus
779 187 893 212 anno.

161 239 278 284 Nam,
294 249 381 288 quae
400 236 519 275 nivali
535 236 706 288 pascitur
723 235 863 286 Algido
885 234 900 257 ³

161 300 316 341 Devota,
331 310 496 349 quercus
507 326 518 345 ,
534 298 635 335 inter
657 305 695 334 et
714 297 819 335 ilices
832 325 842 343 ‚
1241 313 1269 329 ιο

214 362 293 397 Aut
310 359 448 397 crescit
467 358 626 397 Albanis
646 358 685 395 in
702 357 855 405 herbis,

265 420 450 467 Victima,
470 419 696 471 pontificum
715 430 870 458 secures

165 480 324 520 Cervice
341 482 473 533 tinget.
493 483 548 519 Te
565 481 578 512 4
595 481 691 518 nihil
709 480 844 518 attinet

161 547 327 582 Tentare
342 545 463 581 multa
481 543 585 581 caede
601 542 817 580 bidentium

212 608 355 644 Parvos
375 612 623 643 coronantem
647 604 795 643 marino
1242 613 1271 637 ιε

267 670 372 705 Rore
389 669 514 714 Deos,
535 666 738 718 fragilique
757 674 897 716 myrto.

162 730 347 768 Immunis
368 742 472 767 aram
493 729 524 767 si
545 727 670 779 tetigit
691 741 825 766 manus
845 730 873 775 5,

161 794 249 830 Non
264 793 490 842 sumptuosa
505 790 685 828 blandior
704 790 830 828 hostin
841 819 851 838 ‚

215 852 377 892 Mollirit
396 864 550 890 aversos
570 854 729 889 Penates

267 917 384 952 Fari-e
403 914 469 965 pio
488 921 527 952 et
544 912 703 951 saliente
723 912 833 950 mica.
1241 931 1272 947 ιο

56 1040 162 1074 mimas
191 1041 289 1084 qnz'un
314 1041 503 1073 hominibus
525 1041 634 1073 formi-

55 1089 214 1122 dolosum.

102 1138 134 1168 3.
154 1135 265 1168 Nivali
282 1135 405 1179 Algido
421 1147 432 1166 :
456 1143 492 1167 ut
510 1134 609 1177 supr-2¹1
622 1159 631 1174 ‚

56 1183 119 1216 Od.
134 1181 168 1220 I,
189 1194 229 1215 21
241 1207 251 1222 ‚
270 1184 292 1215 6
310 1194 319 1216 :
334 1183 445 1227 gelido
463 1182 632 1225 prominet

55 1230 198 1275 Algid03
223 1231 296 1263 vide
317 1237 386 1263 not.
413 1232 450 1262 iu
471 1230 562 1261 hunc
584 1230 632 1262 lo-

55 1289 139 1310 cum.
153 1297 201 1303 —
218 1280 343 1310 Devota
361 1289 372 1309 .·
386 1277 544 1310 sacrificio
564 1277 633 1309 des·

53 1327 164 1358 tinata.
184 1345 231 1351 —
245 1325 386 1358 Albanis
401 1325 435 1357 in
450 1324 554 1357 herbis
569 1336 580 1356 .·
599 1326 633 1356 in

53 1375 180 1416 pascuis
190 1373 274 1405 cirea
282 1373 400 1405 Albam
409 1374 577 1416 porrectis.
586 1389 635 1397 -·-

55 1421 249 1467 Pontificum
275 1432 400 1452 secures
417 1420 542 1452 Cervice
569 1420 631 1452 tin-

53 1475 110 1512 get
123 1480 135 1499 .-
149 1470 305 1512 sanguine
315 1492 324 1508 ,
343 1469 360 1499 ὲ
378 1469 484 1500 fractis
497 1470 632 1500 cervici-

56 1515 118 1547 bus
132 1523 335 1559 erumpente,
352 1516 490 1548 vitiabit.

106 1570 137 1601 4.
169 1565 214 1595 Te
237 1575 248 1594 :
278 1564 417 1606 opponit
447 1564 635 1594 tenuitatem

58 1611 194 1643 servula}
213 1613 335 1655 magnis
351 1609 544 1653 pontificum
563 1612 634 1653 opi-

58 1657 120 1689 bus
131 1681 140 1697 ‚
151 1658 208 1700 qui
218 1682 227 1696 ,
242 1658 378 1701 publico
389 1665 524 1700 sumptu
533 1681 541 1695 ,
553 1659 634 1689 mul-

59 1711 105 1735 tas
121 1712 153 1737 et
166 1707 320 1737 maximas
335 1706 479 1736 victimas
501 1705 560 1736 diis
574 1707 634 1736 im-

58 1753 140 1794 perii
154 1753 317 1784 tutoribus
335 1752 426 1783 facile
444 1753 632 1784 offerebant.

59 1817 106 1823 —
129 1801 268 1831 Tentare
284 1811 401 1842 parvos
426 1800 502 1831 deos
517 1811 528 1830 .·
545 1800 634 1831 solli-

60 1847 155 1878 citare
185 1847 335 1888 precibus
358 1854 389 1879 et
408 1846 447 1878 ad
463 1847 633 1878 utilitatem

686 1039 773 1072 villae
789 1051 868 1072 meae
883 1040 1011 1071 flectere
1025 1040 1161 1084 exiguos
1176 1040 1269 1079 lares,

687 1089 735 1119 nil
757 1089 818 1119 tale
836 1094 1005 1131 poscentes
1016 1111 1025 1126 ,
1041 1098 1125 1130 quos
1143 1087 1266 1120 sufficit

687 1146 847 1167 coronare
865 1135 1151 1178 rore-marino(de
1167 1146 1272 1168 roma-

687 1184 739 1214 rin
749 1183 761 1226 )
772 1207 782 1222 ‚
790 1182 977 1227 fragilique
996 1191 1113 1224 myrto.

737 1233 768 1263 5.
798 1230 957 1262 Immanis
985 1241 1080 1261 aram
1111 1229 1142 1261 si
1169 1230 1273 1273 tetigit

689 1289 803 1309 manus
834 1289 846 1309 :
877 1279 904 1310 si
940 1277 980 1309 ad
1010 1288 1099 1309 aram
1133 1276 1272 1309 deorum

687 1325 856 1357 Penatium
873 1336 990 1357 manus
1005 1324 1164 1356 immunes
1172 1348 1184 1363 ‚
1199 1325 1273 1356 sub-

688 1373 763 1405 aud.
794 1373 835 1404 ab
866 1373 956 1404 omni
992 1373 1132 1412 scelere,
1157 1382 1271 1404 manus

689 1431 784 1462 puras
810 1428 842 1452 et
865 1422 1054 1453 innocentes
1077 1419 1271 1452 admoveris.

689 1486 736 1492 --
751 1469 829 1499 Non
844 1467 997 1500 blandior
1013 1465 1155 1500 Mollfric
1168 1478 1179 1498 :
1198 1478 1268 1499 non

689 1514 859 1555 blandius,
891 1527 959 1547 non
988 1514 1107 1547 certius
1134 1514 1273 1547 deorum

690 1564 859 1595 Penatium
901 1565 980 1594 iram
1020 1562 1160 1605 placabis
1197 1573 1271 1594 cum

688 1610 792 1642 hostia
827 1609 1017 1652 sumptuosfi
1030 1633 1038 1648 ,
1070 1609 1170 1652 quium
1198 1620 1273 1640 cum

688 1657 827 1700 simplici
838 1656 957 1700 farre,
981 1657 1016 1688 id
1041 1664 1107 1695 est,
1126 1656 1269 1695 hordeo,

689 1705 743 1736 vel
760 1715 842 1747 pane
858 1705 1036 1736 hordeaceo
1048 1727 1056 1743 ,
1069 1703 1127 1746 pi&
1144 1704 1272 1744 oblato,

688 1759 720 1782 et
732 1751 871 1783 saliente
886 1750 974 1783 mica
984 1763 997 1790 ;
1007 1751 1080 1782 salis
1091 1751 1251 1793 particula
1262 1778 1269 1792 ‚

688 1809 778 1841 quae,
793 1801 867 1842 igne
880 1806 1028 1831 contacta
1038 1822 1047 1839 ,
1058 1809 1132 1831 cum
1146 1799 1271 1840 crepitu

688 1846 820 1878 subsilit.
