1456 2508
462 139 543 171 mn.
568 139 602 170 11
626 139 715 172 ODE
738 139 818 170 ΧΠ.
1219 134 1283 165 ι83

4 287 8 289 ‚
58 289 1279 307 ”mmwxssmmxummmmmmmsumwsmw

316 487 481 544 ODE
525 483 1027 545 DUODECIMA

364 643 456 688 AD
502 643 979 689 MAECENATEM.

58 828 224 859 Mac-enas
246 826 418 858 Horatium
434 826 626 858 invitaverat
649 834 684 857 ut
703 837 753 857 res
774 826 816 857 ab
838 827 986 870 Augusto
1001 826 1131 870 egregie
1146 826 1281 868 scriptas

105 890 246 915 caneret.
269 883 399 915 Musam
418 893 510 914 suam
534 881 663 913 sublimi
684 882 758 912 lmic
779 890 971 926 argumento
987 882 1283 926 imparemjizcemr

104 947 222 979 vates,
238 947 287 977 et,
306 949 347 970 ne
374 938 516 983 Augusti
533 938 646 970 laudes
673 938 832 969 oblivione
853 938 1043 976 deleantur,
1063 940 1279 970 Maecenatem

105 992 251 1025 vicissim
273 993 420 1025 hortatur
443 1001 479 1024 ut
506 1005 564 1024 eas
595 991 704 1024 soluta
723 1001 756 1024 et
777 992 931 1024 historica
956 992 1100 1024 oratione
1131 994 1278 1028 celebret.

106 1050 188 1083 Inde*
203 1050 252 1082 ad
258 1060 363 1093 genus
377 1050 457 1091 Iyroe
473 1061 540 1081 suae
557 1049 759 1091 aptissimum
775 1049 899 1095 defluit,
916 1050 1122 1091 Licymniam
1142 1050 1275 1088 laudae,

105 1105 205 1148 ipsius
222 1103 354 1137 Horatii
366 1105 536 1135 dominam
548 1128 557 1142 ‚
577 1115 758 1146 quamque,
777 1105 884 1135 neseio
907 1116 971 1147 quo
993 1116 1099 1137 errore
1123 1105 1281 1136 obcoecaei

106 1162 203 1195 multi
219 1161 423 1204 interpretes,
442 1172 508 1192 non
534 1161 727 1193 Maecenatis
740 1161 908 1191 amasiam
919 1184 928 1197 ,
951 1161 1010 1192 sed
1025 1169 1058 1192 et
1073 1161 1177 1203 ipsam
1194 1171 1277 1191 uxo-

104 1228 172 1250 rem
187 1227 255 1249 esse
263 1215 450 1248 voluerunt.
464 1218 544 1259 Quae
558 1216 687 1259 quidem
704 1216 815 1259 opinio
825 1240 834 1254 ‚
854 1217 887 1247 in
904 1216 1008 1255 notis,
1017 1216 1114 1259 salsa
1129 1217 1276 1248 demons-

101 1271 246 1306 trabitur.
268 1271 483 1304 Maecenatem
503 1273 613 1303 autem
637 1271 814 1303 scribenda„²
832 1271 974 1315 Augusti
987 1271 1130 1304 historice
1143 1282 1276 1314 operam

100 1327 212 1360 reverit
234 1326 360 1360 dedisse
386 1326 488 1359 tradit
510 1327 657 1366 Plinius,
679 1329 760 1366 VII,
789 1327 844 1365 45.
867 1325 998 1359 Eadem
1023 1336 1111 1368 arte,
1135 1328 1169 1360 in
1191 1329 1274 1360 cele-

99 1382 232 1414 brandis
243 1382 384 1426 Augusti
399 1384 563 1422 laudibus,
588 1395 662 1416 usus
675 1391 723 1416 est
737 1383 923 1426 Propertius
947 1385 1001 1422 11,
1026 1395 1055 1415 1.

160 1535 283 1572 Nous
302 1534 415 1586 longa
438 1535 529 1574 serae
547 1534 648 1574 bella
667 1536 886 1574 Numantiae
905 1545 933 1585 ¹,

158 1594 240 1632 Nec
256 1594 384 1634 dirum
401 1595 676 1646 Hannibalem,
694 1611 766 1635 nce
787 1598 958 1637 Siculum
978 1610 1084 1636 mare

158 1657 275 1695 Poeno
290 1671 532 1709 purpureum
551 1659 758 1710 sanguine,
780 1659 961 1698 mollibus

317 1720 455 1768 Aptari
473 1721 631 1756 citharae
651 1719 797 1767 modis;

105 1872 133 1893 ι.
150 1863 240 1892 Ferae
250 1862 442 1894 Numantia:
450 1874 462 1894 .·
477 1865 629 1896 Numan-

53 1908 111 1947 tia,
121 1909 285 1950 Hispaniae
294 1911 542 1942 Tarraconensis
551 1913 630 1943 urbs

52 1955 129 1987 olim
169 1956 387 1996 nobilissima,
429 1969 520 1999 quae,
554 1958 630 1991 ciun

50 2002 160 2045 plures
187 2013 288 2034 annos
303 2003 359 2046 (in
385 2015 546 2037 annornm
567 2018 630 2038 nu-

50 2060 141 2081 mero
159 2050 332 2092 scriptores
352 2052 438 2083 inter
463 2064 497 2084 se
516 2054 632 2085 discre-

50 2096 148 2140 pant)
164 2097 335 2130 fortissime
362 2102 517 2131 Romanis
540 2103 631 2133 resti-

51 2144 157 2184 tisset,
174 2144 304 2176 tandem
329 2145 347 2177 22
371 2148 522 2189 Scipione
542 2150 631 2180 Afri-

50 2201 132 2223 cauo
165 2193 292 2224 minore
327 2193 430 2225 deleta
465 2203 532 2234 est;
555 2196 630 2227 vide

49 2238 136 2271 Flor.
163 2241 215 2278 II,
237 2240 299 2279 18;
318 2241 432 2273 Vellei.
453 2243 505 2281 ΙΙ,
534 2249 573 2282 4,
591 2254 628 2282 23

47 2286 197 2319 strabon.
223 2288 293 2326 111,
307 2299 340 2330 p.
374 2290 455 2327 246.
471 2292 562 2322 Feroe
584 2302 630 2322 re-

684 1865 854 1897 ferendum
870 1866 1004 1898 sortasse
1021 1867 1061 1899 εὸ
1071 1890 1080 1907 ,
1096 1867 1186 1909 (111ὸᾶ
1201 1869 1270 1908 ejus

683 1914 818 1951 incolae,
838 1920 875 1944 ut
889 1914 987 1945 tradit
1007 1914 1122 1946 Florus
1139 1915 1162 1947 l.
1178 1917 1211 1954 Ι,
1234 1915 1270 1946 in

685 1961 834 1992 ultimam
849 1962 971 1992 rabiem
973 1961 1188 2004 furoremque
1199 1974 1274 1993 con-

686 2008 784 2046 versi,
804 2009 902 2040 duces
913 2020 986 2040 suos
999 2020 1098 2051 seque
1106 2009 1270 2051 patriam·

685 2066 770 2098 que,
783 2056 878 2099 ferro
904 2064 936 2087 et
957 2067 1092 2088 veneno
1113 2056 1270 2099 subjecto-

685 2114 748 2144 que
767 2104 910 2145 undique
938 2104 1035 2147 igne,
1049 2096 1270 2145 peremerun'}⁸

684 2167 732 2174 ·-·
749 2152 820 2182 Nec
833 2152 948 2182 darum
963 2150 1186 2182 Hannibalem
1202 2162 1214 2182 .·
1228 2153 1264 2183 iu

684 2197 794 2228 multis
824 2198 930 2229 codic.
950 2198 1070 2241 legitur
1094 2197 1270 2232 dirum.—

685 2247 756 2276 Nec
793 2244 938 2276 Siculum
970 2256 1061 2276 mare
1080 2258 1092 2276 .·
1123 2246 1268 2289 intellige

686 2299 749 2324 tres
764 2293 980 2324 nobilissimas
991 2293 1062 2325 illas
1077 2303 1201 2336 pugnas
1213 2305 1268 2326 na-
