1456 2508
533 145 610 176 Lm.
637 144 651 174 1
676 143 765 175 ODE
789 143 866 175 ΧΠ.
1268 142 1314 173 65

198 202 391 256 Regulum
399 203 443 251 ¹⁴,
462 211 502 242 et
520 205 707 251 Scauros,
728 203 1111 255 animaequemagnae

198 263 410 316 Pr0dig1un
428 264 590 304 Paulum
598 264 642 313 ²⁵,
658 267 866 317 superante
882 266 1018 311 Poeno,

200 331 344 366 Gratus
361 326 501 379 insigni
520 326 685 366 referam
705 329 904 374 Camoena,
962 325 967 328 ’

548 387 848 439 Fabriciumque
860 388 899 425 ¹⁶.
1281 399 1312 427 60

203 450 318 487 Hunc
329 457 371 498 ¹⁷,
388 459 427 488 et
443 449 649 501 incomptis
667 449 828 488 Curium
846 450 1010 500 capillis,

202 511 349 549 Utilem
363 510 468 550 bello
487 511 592 558 tulit,
613 520 652 549 et
669 510 872 549 Camillum
884 539 894 557 ‚

204 571 315 609 Saeva
333 580 561 624 paupertas,
579 581 618 609 et
635 571 761 610 avitus
781 579 872 622 apto

551 635 647 672 Cum
667 633 747 671 lare
767 632 920 671 fundus.

94 792 222 831 laudat,
241 804 303 825 nec
325 792 565 836 imprudenter,
586 794 679 824 Cato—

97 851 174 873 nem
187 841 390 879 Uticensem,
409 840 470 872 etsi
493 840 611 871 Caesari
627 840 680 871 ad-

94 898 241 928 versum,
255 895 288 920 et
298 887 424 920 lethum
433 886 523 930 quod
536 887 599 918 sibi
611 888 680 930 ipse

97 936 238 979 paravit,
252 947 295 968 ne
313 935 441 967 vultum
457 936 590 977 tyranni
602 937 681 978 aspi-

96 990 200 1023 ceret,
214 990 254 1015 ut
265 985 310 1015 ait
323 983 391 1016 Cic.
406 982 472 1015 off.
488 984 522 1021 1,
542 983 559 1013 3
569 993 596 1014 1.
610 984 680 1014 An-

96 1038 210 1074 gustus
240 1031 327 1063 enim
357 1030 491 1062 ultimos
522 1029 679 1061 libertatis

96 1081 251 1111 Romanae
282 1084 539 1121 propugnatores
572 1080 679 1120 magni

98 1126 204 1158 facere
225 1137 258 1158 se
282 1125 466 1167 jactitabat,
484 1136 581 1167 seque
605 1127 680 1156 ami-

98 1184 175 1205 cum
204 1174 334 1216 pristini
363 1173 552 1216 reipublicae
579 1173 680 1204 status

97 1219 324 1264 profitebatur.

150 1274 204 1307 14.
218 1269 377 1312 Regulum
386 1280 400 1306 ,·
413 1267 454 1300 de
470 1268 680 1300 celeberrimo

98 1316 156 1348 illo
171 1316 254 1348 duce
277 1314 416 1359 amplius
430 1315 471 1347 ad
493 1315 558 1349 od.
574 1318 641 1354 111,
660 1317 679 1347 5

98 1363 273 1396 dicendum
295 1365 373 1401 erit,
395 1375 494 1407 quam
519 1364 604 1396 vide.
633 1382 680 1387 —-

101 1413 260 1450 Scauros-5
279 1414 476 1445 Scaurorum
493 1421 571 1453 gens
594 1411 678 1443 mul-

99 1466 150 1492 tos
167 1459 258 1492 dedit
272 1463 368 1492 Rom.
382 1458 525 1501 reipubl.
547 1470 680 1502 magnos

100 1518 138 1540 ac
149 1507 278 1539 nobiles
294 1508 396 1546 viros,
413 1508 449 1538 in
462 1507 583 1548 quibus
601 1508 678 1537 emi-

100 1559 181 1588 nent
191 1556 241 1587 M.
257 1555 406 1586 AEmilius
418 1556 558 1586 Scaurus
567 1578 576 1592 ,
588 1555 679 1596 prin-

102 1613 177 1645 ceps
193 1599 338 1640 senatus,
362 1602 496 1643 ejusque
519 1601 607 1632 {ilius
629 1603 678 1633 M.

101 1651 254 1689 scaurus,
270 1648 428 1681 aedilitatis
442 1647 678 1691 magnificentia

102 1697 226 1736 clarus3
242 1703 378 1739 uterque
395 1697 550 1736 consilio,
576 1698 680 1739 gravi-

102 1751 178 1783 tate,
188 1742 368 1776 constantia
376 1744 569 1775 clarissimus
578 1755 587 1782 ;
598 1755 680 1786 quos

102 1791 304 1834 amplissimis
312 1791 464 1822 laudibus
472 1791 600 1822 extollit
610 1792 678 1824 Cic.

101 1839 218 1882 passim
235 1840 271 1869 in
287 1840 378 1871 Orat.
399 1850 460 1881 pro
476 1840 630 1878 Fonteio,
649 1847 681 1870 et

101 1884 282 1919 honorifice
299 1897 430 1928 quoque
445 1894 611 1925 memorat,
620 1898 680 1929 pro

102 1931 260 1973 Murena,
278 1935 372 1965 VIII.

155 1981 208 2014 15.
231 1981 370 2012 Paulum
380 1993 393 2018 ,·
419 1980 556 2012 Paulum
582 1983 680 2013 AEmi-

103 2029 202 2068 lium,
215 2029 290 2070 qui,
305 2035 381 2071 post
401 2029 602 2061 Cannensem
619 2029 680 2060 cla-

104 2075 178 2107 dem
189 2099 198 2115 ,
213 2074 308 2118 culpa
323 2076 453 2119 collegae
466 2087 533 2107 suae
549 2079 679 2108 Terent.

105 2124 278 2162 Varronis,
301 2130 483 2166 acceptam,
505 2134 572 2155 sese
593 2125 681 2155 ultro

103 2170 328 2214 perimendum
349 2170 499 2202 hostibus
523 2172 681 2213 praebuit,

106 2217 193 2249 unde
208 2218 324 2250 merito
337 2219 411 2248 vitae
423 2225 455 2249 et
469 2229 601 2261 magnae
613 2219 682 2249 ani-

105 2276 168 2296 moe
186 2265 358 2308 prodigus,
385 2265 516 2298 dicitur.
530 2285 577 2290 —
601 2268 684 2297 Gra-

106 2321 154 2344 tus
166 2325 178 2345 .-
202 2313 342 2356 publicae
363 2313 568 2356 gratitudinis
585 2316 684 2346 inter-

734 803 819 834 pres,
836 809 882 816 --
899 790 1028 833 Insigni
1043 787 1204 821 Cama-nd
1220 801 1232 821 :
1250 801 1318 822 nou

735 841 877 871 carmine
890 838 981 880 quod
993 839 1035 868 sit
1052 839 1160 879 ipsum
1175 839 1319 880 insigne,

735 887 791 919 sed
816 886 907 930 quod
934 885 1083 917 laudatos
1107 887 1196 916 viros
1218 887 1317 929 insig-

735 937 820 974 niat,
837 945 1017 975 eorumque
1035 933 1151 964 famam
1166 941 1292 975 augeat.

787 983 840 1014 16.
865 981 1137 1023 Fabriciumque‚·
1161 980 1248 1012 idem
1277 981 1317 1012 de

734 1042 802 1073 quo
818 1029 979 1073 Virgilius
993 1028 1119 1061 AEneid.
1146 1030 1212 1067 VI,
1233 1029 1273 1067 84
1281 1029 1314 1069 5,

728 1089 898 1120 parvoque
921 1084 1090 1118 potentem
1124 1076 1315 1109 Fabricium.

734 1126 858 1158 Consul
883 1128 1049 1157 Romanus
1077 1124 1259 1167 frugalitate
1286 1132 1319 1156 et

735 1175 918 1217 integritate
954 1173 1152 1204 notissimus.
1196 1171 1318 1204 Contra

734 1221 899 1264 Pyrrhum
919 1222 1129 1263 Epirotarum
1153 1230 1260 1263 regem
1287 1227 1319 1252 et

735 1268 848 1300 contra
862 1269 1020 1300 Samnites
1032 1268 1217 1310 gravissima
1233 1268 1318 1299 bella

733 1318 830 1359 gessit
849 1315 994 1347 hostium
1013 1315 1109 1346 armis
1126 1322 1159 1346 et
1175 1317 1317 1347 muneri-

734 1364 795 1395 bus
811 1375 938 1406 semper
951 1364 1103 1395 invictus.
1119 1363 1203 1394 vide
1218 1364 1318 1395 subli-

734 1423 818 1443 mem
834 1412 974 1443 Fabricii
996 1411 1164 1453 epistolam
1181 1411 1223 1442 ad
1237 1414 1316 1454 Pyr-

734 1460 831 1491 rhum
847 1460 880 1490 in
897 1459 984 1491 Plut.
998 1460 1064 1490 vita
1078 1458 1206 1501 Pyrrhi.

787 1518 838 1546 17.
856 1508 969 1544 Hunc,
993 1507 1190 1539 Fabricium.
1210 1525 1255 1531 —
1272 1509 1318 1538 Ec

735 1554 906 1596 incomptis
931 1553 1060 1585 Curium
1086 1553 1216 1595 capillis
1224 1567 1238 1592 ,·
1266 1557 1315 1587 M.

734 1603 853 1635 Curius
871 1604 1046 1640 Dentatus,
1070 1602 1220 1634 Fabricio
1236 1613 1317 1634 coae-

735 1657 864 1688 laneus,
881 1650 1028 1691 quamvis
1045 1651 1185 1681 Romani
1201 1651 1316 1693 coepis-

734 1705 805 1728 sent
838 1703 1008 1728 tonsorum
1037 1698 1217 1729 ministerio
1246 1700 1316 1738 uti,

734 1745 840 1788 (Plin.
862 1746 925 1775 VII
935 1768 943 1783 ‚
967 1743 1044 1787 59‚)
1059 1746 1195 1776 retinuit
1210 1752 1317 1777 tamen

735 1794 878 1834 antiquae
890 1793 1068 1823 severitatis
1083 1804 1223 1833 morem3
1234 1795 1318 1826 Sam-

734 1841 840 1871 nitum
855 1850 989 1870 munera
1003 1840 1194 1884 dedignatus
1207 1849 1271 1881 est,
1286 1850 1317 1873 et

735 1887 898 1930 Pyrrhum
923 1888 990 1918 acie
1015 1889 1138 1920 victum
1163 1900 1205 1920 ex
1226 1889 1317 1920 Italia

735 1935 873 1977 expulit.
887 1954 934 1959 —
953 1935 1127 1967 Camillum
1147 1948 1157 1967 .·
1176 1937 1231 1967 ille
1250 1940 1316 1969 Ro-

734 1993 861 2013 manam
878 1994 945 2013 rem
961 1983 1073 2014 contra
1091 1985 1230 2015 victores
1245 1985 1318 2015 Gal-

734 2030 783 2061 los
817 2032 973 2062 sustinuit
992 2041 1000 2062 :
1021 2031 1160 2062 dictator
1197 2031 1314 2070 factus,

735 2079 834 2109 Veios
848 2079 948 2120 cepit,
963 2078 1067 2110 Roma}
1082 2079 1193 2110 Gallos
1207 2079 1317 2119 ejecit,

736 2132 768 2155 et
781 2125 909 2156 eosdem
923 2125 1034 2167 postea
1049 2125 1178 2168 penitus
1187 2126 1318 2159 delevit.

736 2191 783 2196 —
797 2175 890 2204 Soeva
898 2182 1077 2214 paupertas
1090 2185 1101 2204 .·
1113 2185 1221 2216 aspera
1230 2198 1239 2213 ‚
1254 2174 1318 2216 qua

737 2231 855 2262 corpus
874 2220 1064 2260 induratur,
1081 2222 1320 2264 roboraturque

738 2269 875 2299 animus.
896 2286 943 2291 -
963 2270 1008 2298 Ec
1022 2269 1125 2300 avitus
1143 2276 1221 2311 apto
1239 2269 1317 2301 Cum

740 2315 812 2346 lare
827 2314 964 2357 fimdus.
991 2316 1125 2358 Agellus
1149 2316 1167 2347 ἐι
1193 2318 1320 2358 majori-

1151 2383 1190 2418 (ς.
