1456 2508
165 92 231 128 254

555 95 596 133 Q.
621 93 804 125 HonATn
827 93 977 125 FLAccx

315 150 386 186 Hic
405 150 518 187 classe
534 149 774 198 formidatus,
789 151 851 189 ille

1311 163 1341 187 15

368 208 575 247 Missilibus
592 209 725 246 melior
742 210 897 259 sagittis.

264 269 449 306 Foecunda
468 270 587 318 culpae
606 269 742 307 saecula
762 269 777 292 ⁵
793 270 944 319 nuptias

258 330 423 365 Primum
439 329 701 378 inquinavere,
718 339 755 367 et
771 343 905 380 genus,
925 340 962 369 et
981 331 1135 378 domos3

310 391 391 426 Hoc
408 389 510 426 fonte
529 389 698 428 derivata
714 389 836 428 clades
847 417 858 436 ‚

363 451 404 484 In
426 449 585 498 patriam
604 449 862 500 populumque
882 449 1001 488 fluxit.
1306 469 1336 486 20

260 511 387 549 Motus
406 509 535 547 doceri
554 509 692 560 gaudet
705 510 855 547 Ionicos
873 509 888 532 ⁶

258 572 409 606 Matura
424 569 550 620 virgo,
569 579 606 607 et
621 571 775 620 fingitur
794 570 953 608 artubus

310 631 393 665 Jiun
411 631 532 676 nunc,
554 639 591 667 et
612 630 772 667 incestos
793 642 938 669 amores

358 690 415 724 De
434 696 563 725 tenero
582 690 785 726 meditatur
805 690 933 739 ungui.

257 746 349 784 Mox
371 755 384 776 7
394 748 564 797 juniores
580 750 714 798 quaerit
734 749 924 789 adulteros
1304 759 1334 784 23

260 810 364 844 Inter
383 808 508 844 mariti
523 807 628 855 vina,
647 821 770 858 neque
790 807 893 858 eligit

155 940 216 974 Od.
244 942 278 978 1,
297 941 356 978 37,
379 951 408 979 7.
425 940 545 970 -Ηὶε
569 951 579 970 .·
605 943 721 982 AEgyp-

154 989 215 1019 tios
231 986 381 1028 intellige.
406 1003 446 1010 -
462 985 524 1016 Ille
543 998 554 1016 :
573 988 686 1018 Dacos

203 1033 234 1064 5.
258 1033 419 1063 Foecunda
440 1033 541 1072 culpoe
572 1033 691 1063 saecula
706 1043 718 1062 .·

154 1087 226 1111 aetas
238 1086 360 1116 nostra,
373 1078 518 1109 foecunda
527 1078 719 1120 flagitiorum

154 1133 263 1156 mater.
281 1142 327 1148 -
341 1123 551 1166 Inquinave're
569 1124 696 1165 nuptias
709 1136 720 1155 .·

153 1173 368 1212 corrumpitur
398 1172 482 1202 enim
511 1181 567 1211 per
601 1171 719 1201 adulte-

153 1220 235 1249 rium
245 1218 438 1249 matrimonii
445 1218 602 1254 sanctitas,
612 1218 719 1247 etiam-

153 1267 179 1296 si
205 1264 295 1295 nullu
321 1275 362 1294 ex
387 1263 499 1293 illicito
530 1264 720 1294 commercio

151 1310 257 1352 proles
271 1310 428 1347 oriretur;
444 1309 507 1339 hoc
520 1309 720 1350 primum.—

153 1359 199 1388 Ec
209 1366 311 1398 genus
331 1368 342 1387 .·
358 1355 472 1386 deinde
491 1366 593 1398 genus
615 1356 720 1396 ipsum

153 1404 387 1444 corrumpitur,
413 1401 491 1432 dum
514 1409 614 1432 mater
637 1402 720 1432 adul›

152 1458 219 1481 tera
234 1451 333 1480 totius
349 1448 472 1479 familiae
488 1448 633 1478 ordinem
648 1459 720 1489 per-

155 1496 280 1533 turbat,
296 1502 328 1525 et
354 1495 473 1526 alienos
503 1493 586 1524 filios
607 1495 719 1524 marito

153 1552 212 1573 suo
225 1541 353 1572 alendos
369 1548 400 1572 et
414 1540 630 1582 agnoscendos
644 1551 720 1581 prae-

154 1589 218 1619 het.
245 1589 366 1618 Domos
393 1587 530 1628 denique
558 1588 718 1616 universas

151 1635 326 1675 corrumpit
344 1633 551 1669 adulterium,
574 1631 651 1662 dum
665 1643 718 1673 pa-

152 1687 279 1711 rentum
306 1680 452 1720 exemplo
482 1680 606 1719 abrepti
627 1679 721 1709 liberi

151 1729 188 1758 in
211 1737 305 1757 omne
322 1727 475 1756 vitiorum
499 1735 616 1766 genus,
633 1726 720 1755 omni

153 1775 269 1804 timore
292 1772 436 1813 deposito
447 1794 455 1809 ‚
473 1778 655 1812 erumpunt.
675 1788 720 1794 —-

159 1819 274 1850 Clades
293 1820 333 1849 In
342 1817 486 1859 patriam
504 1818 721 1858 populumque

155 1864 270 1900 fluxit:
285 1865 474 1896 calamitates
489 1863 556 1894 tum
565 1864 719 1904 publicas,

158 1910 227 1942 tiun
253 1913 389 1953 privatas
416 1911 465 1940 his
493 1910 639 1946 vocibus,
659 1920 720 1950 pa-

157 1957 255 1988 triam
274 1957 510 1999 populumque,
539 1957 720 1997 comfssecti-

159 2011 223 2035 tur.

206 2051 238 2081 6.
255 2051 360 2080 Motus
389 2048 515 2080 Ionicos·
543 2059 554 2078 .·
581 2050 695 2078 Ionum
711 2069 721 2085 ,

161 2094 234 2128 cum
247 2096 286 2127 ad
299 2097 397 2127 vitam
414 2095 592 2126 molliorem
604 2094 720 2134 procli-

161 2144 264 2174 viores
297 2150 415 2180 essent,
446 2141 588 2183 protervi
619 2151 722 2170 mores

160 2189 196 2224 in
218 2189 425 2231 proverbium
454 2188 620 2226 abierunt;
648 2186 723 2216 hine

772 934 882 974 Ῐωνωιὴ
898 939 1019 983 ὄρχησις
1030 963 1041 978 ,
1058 941 1173 973 lasciva
1193 942 1316 976 saltatio
1327 966 1336 981 ‚

772 986 859 1027 apud
876 987 994 1018 Athen.
1010 989 1043 1024 I,
1065 998 1104 1028 ¹9
1115 1009 1124 1024 ,
1146 994 1179 1018 et
1192 984 1338 1020 διακινεῖν

771 1026 912 1070 ἰωνικῶς,
922 1032 1005 1074 apud
1011 1033 1174 1074 Aristoph.
1182 1035 1337 1067 Conciou.

774 1089 793 1119 9
802 1079 852 1117 133
862 1081 973 1113 lonico
983 1089 1071 1110 more
1085 1089 1150 1111 sese
1166 1081 1338 1121 agitare.—

775 1125 902 1155 Gaudet
919 1127 982 1156 vim
992 1126 1117 1156 lascivae
1132 1125 1275 1157 libidinis
1289 1127 1338 1158 iu-

773 1171 1048 1205 dicat.—Macura
1066 1171 1160 1214 virgo
1174 1183 1186 1202 .-
1208 1182 1281 1213 quae
1297 1173 1336 1205 ui

773 1228 840 1248 eam
868 1225 991 1248 aetatem
1022 1218 1185 1258 pervenit,
1215 1219 1250 1248 in
1274 1218 1337 1259 quai

773 1263 950 1294 saltationes
965 1264 1026 1294 iuae
1041 1274 1109 1294 nou
1121 1262 1185 1302 jam
1201 1270 1238 1297 ut
1257 1274 1335 1305 pue-

772 1309 845 1339 riles
859 1310 947 1340 lusus
963 1310 1102 1340 exerceri
1115 1316 1267 1350 possunt,
1283 1310 1337 1341 sed

774 1355 831 1385 ubi
853 1356 1028 1396 periculosa
1051 1356 1086 1386 iu
1109 1355 1172 1387 illis
1191 1355 1338 1398 voluptas

773 1402 946 1442 quaeritur,
987 1399 1050 1442 qus
1101 1401 1338 1435 inflammemur

773 1449 904 1488 virginis
941 1457 1070 1484 sensae,
1089 1454 1121 1477 et
1151 1446 1337 1488 cupiditates

771 1495 983 1534 spectantium
1010 1494 1199 1524 excitentur.
1222 1510 1269 1517 —
1287 1495 1337 1525 De

771 1546 879 1569 tenero
907 1538 1007 1582 ungui
1025 1549 1036 1569 :
1064 1548 1163 1580 graeca
1193 1538 1315 1572 locutio
1328 1549 1336 1571 :

773 1583 803 1622 ἐξ
824 1583 955 1616 ἀπαλων
972 1587 1032 1616 τῶν
1045 1582 1172 1625 ὀνύχων.
1189 1587 1220 1616 Α
1235 1585 1337 1626 primii

771 1630 990 1662 adolescentia.

821 1689 850 1716 7.
868 1677 949 1708 Mox
963 1687 975 1706 :
994 1687 1062 1709 nou
1074 1675 1139 1715 jhm
1156 1677 1246 1718 virgo
1257 1698 1266 1715 ,
1283 1676 1337 1707 sed

772 1734 856 1754 uxor
870 1724 961 1754 faeta.
976 1740 1023 1747 -
1039 1722 1161 1763 ρων-ὰ
1173 1733 1184 1752 .·
1197 1733 1338 1756 summus

773 1769 1004 1810 depravationis
1027 1768 1161 1811 gradus,
1188 1778 1256 1800 non
1286 1778 1339 1799 ex·

771 1823 896 1857 pectare
919 1815 1096 1853 foeminam,
1113 1812 1191 1847 dum
1213 1821 1339 1855 petatur

772 1861 790 1891 ὲ
805 1863 896 1899 viris,
914 1861 969 1891 sed
991 1863 1091 1902 ipsam
1114 1861 1189 1891 viris
1210 1859 1338 1893 obviam

771 1909 829 1939 ire.
844 1925 888 1931 —-
901 1907 1048 1938 Juniores
1061 1906 1221 1937 adulteros
1234 1915 1246 1936 .·
1259 1915 1338 1936 ama-

773 1961 856 1984 tores
886 1953 999 1984 marito
1027 1963 1085 1983 suo
1111 1952 1272 1991 juniores,
1302 1951 1338 1982 id

773 2006 819 2030 est
844 1999 1047 2030 robustiom.
1060 2015 1107 2023 —-
1122 1999 1212 2028 Inter
1231 1996 1341 2029 marici

773 2046 858 2076 vina
880 2057 891 2076 :
919 2046 954 2075 in
986 2044 1219 2086 compotatione
1229 2065 1238 2082 ,
1267 2043 1337 2080 oui,

773 2103 846 2124 cum
859 2092 968 2125 multis
982 2091 1050 2123 aliis
1065 2091 1157 2128 viris,
1169 2090 1237 2131 ipae
1247 2089 1340 2121 mnri-

774 2146 825 2170 tus
850 2140 990 2170 interest.
1013 2153 1059 2162 -·
1082 2138 1195 2178 Neque
1221 2133 1313 2177 eligit
1329 2145 1340 2164 .-

777 2185 883 2216 omnia
901 2184 940 2215 ad
960 2182 1135 2227 aagendam
1152 2182 1265 2214 uxoris
1282 2181 1341 2212 im·
