1456 2508
494 155 575 190 LrB'.
600 157 616 187 1
641 156 730 189 ODE
754 155 832 187 XII.
1230 150 1273 180 63

165 215 272 267 Quid
289 216 401 270 prius
420 215 548 254 dicam
565 214 580 238 ⁶
598 213 720 254 solitis
738 211 912 252 Parentis

162 279 383 327 Laudibus,
401 279 469 330 qui
488 291 551 316 res
568 276 771 314 hominum
791 288 835 313 ac
855 274 1036 321 deorum,

165 341 245 390 Qui
263 354 371 380 mare
390 354 434 379 ac
452 348 596 386 terras,
618 336 814 387 variisque
833 335 1020 374 mundum
1249 342 1278 369 1⁴

510 403 717 451 Temperat
736 398 865 436 horis?

165 463 282 504 Unde
300 472 328 512 7,
345 463 400 501 nil
417 462 542 514 majus
561 469 768 512 generatur
785 460 889 511 ipso,

167 528 250 565 Nec
264 525 370 575 viget
389 523 600 575 quidquam
620 522 743 560 simile
762 529 830 559 aut
849 519 1060 558 secundum
1083 534 1090 556 ε

169 586 370 626 Proximos
387 585 444 623 illi
463 594 591 623 tamen
608 582 815 634 occupavit
833 580 848 603 ⁸

515 644 637 682 Pallas
655 643 837 681 honores.
1251 654 1282 670 20

174 707 317 747 Praeliis
334 706 461 745 audax
478 713 507 755 ⁹,
526 718 653 756 neque
670 712 706 741 te
727 702 869 750 silebo,

117 900 151 931 6.
179 896 268 940 Quid
278 895 369 939 prius
391 895 530 927 dicam:
547 895 565 933 ὲ
582 907 649 938 quo

66 944 201 1002 justius,
221 942 368 987 dignius,
389 942 557 974 decentius
582 954 649 974 car-

70 995 158 1026 mina
173 992 345 1024 exordium
362 991 499 1028 ducant,
519 1001 617 1032 quam
633 1002 651 1020 a

71 1041 174 1073 solitis
195 1041 288 1072 Jovis
306 1038 454 1070 laudibus
464 1042 481 1069 Ρ
502 1040 579 1069 Erat
596 1048 652 1068 au-

10 1110 20 1114 »
71 1097 137 1121 tem
154 1088 309 1120 usitatum
320 1087 356 1117 in
371 1086 577 1124 solennibus,
594 1087 615 1116 J
617 1096 652 1116 o-

71 1137 121 1168 vis
138 1145 276 1173 nomen,
291 1140 331 1164 ut
351 1134 484 1175 optimi,
503 1133 652 1169 maximi,

72 1189 111 1215 ut
134 1180 479 1222 exterorunkdeorum
505 1181 606 1221 regis,
623 1186 655 1210 et

73 1231 175 1263 totius
186 1235 311 1260 naturae
321 1227 484 1270 parentis,
497 1228 570 1258 ante
584 1237 653 1258 om-

73 1279 128 1310 nia
154 1275 306 1309 laudibus
343 1275 468 1307 efferre.
497 1275 549 1306 Ab
577 1277 656 1304 Jove

70 1323 283 1368 principium,
299 1325 427 1360 Μυκη
441 1322 529 1353 Iovis
543 1331 655 1352 omma

71 1372 188 1415 plena.
201 1372 294 1414 Virg.
310 1371 380 1402 Ecl.
394 1372 463 1409 111,
475 1371 531 1401 60.
545 1371 658 1399 —Va-

75 1419 195 1462 n'isque
210 1418 368 1452 mundum
383 1424 542 1459 temperat
562 1416 657 1448 horis.

78 1465 163 1500 Cim
178 1477 268 1498 mare
283 1472 316 1497 et
332 1474 435 1497 terras
449 1463 540 1506 prius
554 1465 660 1495 nomi-

77 1515 222 1553 naverit,
241 1515 300 1555 per
317 1513 495 1550 mundum,
516 1512 660 1553 intellige

79 1561 182 1595 solem
191 1583 200 1600 ,
211 1561 324 1592 lunam
338 1567 370 1591 et
386 1560 468 1591 alios
480 1560 661 1601 systematis

62 1607 65 1622 ³
141 1609 186 1640 tsi
202 1608 364 1650 planetas,
384 1617 527 1649 quorum
549 1617 662 1637 cursus

203 1661 274 1686 ctus
295 1666 370 1686 cum
384 1654 492 1686 variis
514 1655 591 1684 anni
604 1653 661 1683 Ιιο-

83 1702 144 1741 νίε,
159 1701 195 1734 id
211 1708 260 1734 est
274 1702 405 1734 alternis
419 1701 662 1743 tempestatibus

82 1750 259 1782 variantur.
275 1766 324 1775 ·--
343 1751 517 1791 Temperat
532 1759 544 1779 .·
562 1749 661 1791 regit,

83 1796 282 1830 moderatur.

133 1855 167 1886 7.
191 1843 306 1882 Unde;
321 1844 436 1886 quare,
453 1843 488 1874 id
504 1849 567 1882 est,
589 1840 663 1875 cum

85 1901 272 1935 supremum
283 1893 319 1922 in
332 1893 441 1922 omnia
452 1892 504 1930 jus
519 1897 551 1921 et
563 1891 663 1932 impe-

83 1939 172 1971 rium
186 1945 346 1971 exerceat.
359 1956 408 1962 ——
421 1938 481 1969 Nil
492 1937 599 1979 majus
608 1949 666 1980 ge-

87 1993 223 2018 ner-atur
241 1985 322 2028 ipso.
342 1986 536 2021 Generatur,
559 1982 666 2030 γίγνε-

86 2044 160 2073 ται,
175 2043 254 2076 pro,
274 2039 341 2071 est,
353 2033 473 2064 existit.
489 2050 537 2056 -
553 2031 667 2063 Simile

87 2087 148 2112 aut
172 2079 348 2112 smmdum
370 2090 384 2110 .·
406 2081 578 2111 Horatium
604 2079 668 2110 sibi

87 2125 251 2161 tantillum
261 2126 492 2166 contradicere,
504 2125 578 2157 cum
587 2137 668 2157 mox

86 2175 216 2219 precari
228 2173 358 2212 debeat,
374 2186 406 2206 v.
425 2174 465 2205 52
477 2196 487 2212 ,
507 2180 544 2204 ut
558 2185 669 2204 secun-

87 2221 132 2254 do
154 2221 277 2254 Caesare
297 2222 429 2262 Jupiter
453 2227 583 2262 regnet,
600 2231 668 2251 non

87 2270 289 2312 negaverim3
306 2267 596 2299 contradictionem
617 2269 667 2298 ni-

89 2316 150 2350 mis
161 2316 344 2350 evidentem
359 2314 479 2347 frustra
495 2315 606 2348 tollere
618 2325 669 2346 co·

703 902 803 927 natm
820 894 1004 932 Dacierius,
1019 890 1098 924 dum
1112 892 1287 923 asserithlc

706 943 746 973 de
762 944 823 973 ,1οι
827 943 854 972 is
866 940 998 980 natura,
1015 938 1150 971 inferius
1161 939 1202 970 de
1216 950 1289 970 auc-

706 991 834 1021 toritate
856 990 922 1031 agi3
943 995 1084 1030 potestas
1103 987 1189 1018 enim
1213 989 1290 1018 emi-

707 1037 932 1068 acutissimum
947 1043 994 1066 est
1008 1035 1185 1065 divinitatis
1202 1036 1292 1065 attri-

707 1085 842 1122 butum,
855 1091 888 1114 et
904 1094 979 1113 cum
994 1083 1063 1122 ejus
1082 1081 1195 1113 naturai
1212 1093 1290 1113 con-

706 1133 868 1172 junctum.
888 1132 1006 1162 Nonne
1023 1131 1121 1160 satius
1139 1137 1185 1160 est
1197 1129 1292 1159 levis-

709 1180 826 1209 simum
857 1178 990 1209 maximi
1018 1184 1122 1219 poetae
1149 1187 1294 1207 errorem

710 1225 875 1263 confiteri,
891 1225 988 1267 quam
1007 1223 1121 1256 contra
1133 1234 1249 1255 verum
1263 1230 1295 1254 et

710 1273 907 1305 evidentiam
926 1272 1056 1303 obniti?

762 1322 793 1352 8.
811 1319 987 1352 Proximos
1004 1319 1057 1350 illi
1069 1327 1179 1350 tamen
1204 1330 1294 1350 occu-

706 1368 802 1411 pavit
816 1380 827 1399 :
840 1369 990 1410 proxima
1014 1375 1139 1405 tamen,
1155 1378 1224 1398 non
1248 1378 1295 1397 se-

714 1416 821 1447 cunda
850 1418 871 1448 J
873 1416 928 1446 ovi
958 1416 1014 1457 qui
1044 1415 1133 1446 solus
1166 1422 1296 1457 regnat,

714 1464 882 1506 proxima,
907 1463 964 1494 sed
989 1463 1089 1504 longo
1107 1462 1297 1500 intervallo,

715 1511 817 1543 Pallas
838 1517 901 1548 est,
917 1509 995 1551 quia
1019 1511 1112 1542 Jovis
1142 1508 1210 1540 filia
1229 1510 1299 1540 sine

715 1565 817 1589 matre
828 1581 837 1596 ,
853 1558 1041 1599 sapientiam
1065 1558 1164 1599 patris
1183 1558 1234 1587 sui
1249 1568 1299 1589 re-

716 1612 900 1647 praesentat.
915 1623 964 1628 -—-
987 1604 1163 1646 Occupavic
1177 1615 1188 1634 :
1200 1606 1301 1636 Hein-

717 1655 783 1683 sius
798 1652 969 1694 occupabit
989 1653 1158 1683 restituere
1177 1652 1302 1692 voluit,

717 1699 933 1738 subaudiens,
952 1702 987 1731 in
1010 1707 1124 1731 nostro
1147 1701 1300 1732 carmine.

716 1747 898 1779 Retinenda
915 1749 1096 1778 communis
1117 1747 1231 1786 lectio,
1249 1759 1302 1778 oc-

718 1795 866 1835 cupavit;
895 1795 935 1826 ab
968 1802 1045 1826 ortu
1077 1806 1157 1834 suo,
1182 1797 1302 1838 primas

718 1843 869 1873 Minerva
884 1843 1039 1874 obtinuit.
1153 1858 1175 1879 μ

768 1900 800 1931 9.
826 1890 953 1921 Praeliis
974 1890 1090 1920 audax
1117 1889 1232 1927 Liber;
1252 1889 1304 1921 Li-

721 1936 785 1974 ber,
809 1938 970 1975 Bacchus,
997 1939 1043 1968 sic
1063 1937 1192 1976 dictus,
1213 1937 1304 1979 qubd

721 1985 864 2016 animum
897 1986 983 2016 curis
1021 1986 1149 2016 liberet.
1176 1985 1305 2016 Praeliis

721 2032 854 2068 audax,
878 2031 967 2074 quod
994 2034 1174 2074 praecipuas
1199 2039 1305 2073 partes

722 2081 821 2121 egerit
835 2080 869 2110 in
886 2080 998 2121 praelio
1018 2078 1170 2110 adversus
1186 2080 1305 2121 Gigan-

721 2133 779 2157 tas.
796 2127 862 2158 vid.
883 2127 946 2158 Od.
969 2129 1020 2165 ΙΙ,
1045 2138 1102 2167 19,
1133 2137 1187 2157 21.
1213 2126 1304 2158 Cele-

722 2173 836 2204 hratur
851 2185 981 2215 quoque
1001 2175 1068 2213 ejus
1088 2173 1258 2216 expeditio.
1270 2175 1307 2205 in

722 2219 832 2259 India,
853 2221 941 2253 unde
965 2222 1087 2263 Gangis
1112 2222 1219 2252 victor
1235 2233 1307 2264 pas-

722 2267 781 2298 sim
795 2268 987 2309 appellatur.
1000 2286 1049 2293 —
1067 2268 1185 2312 Virgo,
1201 2270 1305 2305 Diana

722 2316 882 2348 venatrix.
