1456 2508
475 83 556 115 Lm.
581 59 632 114 131
657 82 745 114 ODE
768 82 862 115 vm.

1208 82 1275 113 263

164 140 278 179 Mitte
297 139 429 178 civiles
445 152 562 191 super
577 138 687 178 Urbe
703 152 815 178 curas
835 138 876 187 ⁶3

163 199 316 239 Occidit
334 199 431 238 Daci
443 199 636 238 Cotisonis
651 212 789 251 agmen
803 214 815 247 ;

166 260 320 308 Medus,
340 260 500 298 infestus
519 259 593 299 sibi
606 289 616 308 ‚
636 261 823 298 luctuosis

375 322 544 361 Dissidet
561 323 698 371 armis;
1243 338 1275 354 20

165 383 294 422 Servit
311 383 492 436 Hispanae
509 393 621 422 vetus
637 383 759 422 hostis
781 395 860 421 orae

164 443 358 483 Cantaber
374 453 401 493 ¹7,
417 446 502 483 sera
521 444 688 483 domitus
704 446 837 482 catena
851 457 863 490 ;

164 506 248 543 ,lam
265 505 417 556 Scythae
432 506 522 544 laxo
539 505 773 544 meditantur
795 517 889 542 arcu

378 567 524 606 Cedere
541 567 697 618 campis.

164 626 369 678 Negligens
387 626 401 650 8
419 642 468 666 ne
489 631 566 679 qua
587 628 754 680 populus
772 626 923 665 laboret
1244 634 1275 660 ²5

166 691 284 726 Parce
298 689 471 740 privatus
492 690 654 728 nimium
668 702 804 727 cavere
818 703 829 735 ;

60 807 112 838 ira
122 818 135 838 .·
150 808 242 849 quasi
255 808 292 838 in
307 806 411 840 media
428 808 494 848 jam
507 819 640 851 compo-

26 862 29 866 ·
60 855 181 886 tatione
208 861 373 895 versetur,
393 862 426 886 et
447 863 485 886 ut
506 856 642 887 bibendi

60 903 225 945 magister,
240 902 419 934 verecundi
437 904 581 934 convivii
596 903 642 934 le-

59 960 113 991 ges
130 949 322 991 praescribit.
344 949 429 981 Vide
450 949 547 992 supra
574 950 636 983 Od.

63 997 98 1035 1,
116 1006 157 1036 27
175 1018 185 1034 ‚
205 997 224 1028 3
239 1003 271 1027 et
287 1003 320 1034 4.

110 1043 143 1075 6.
157 1043 252 1075 Mitte
262 1043 369 1075 civiles
382 1054 478 1085 super
494 1044 576 1075 Urbe
590 1055 643 1074 cu-

62 1100 115 1121 ras
133 1102 144 1121 .·
159 1090 225 1122 hoc
242 1091 314 1133 ipso
335 1101 422 1122 anno
438 1089 553 1133 (734)
572 1092 642 1122 Au·

60 1144 172 1180 gustus
199 1137 239 1169 ad
271 1137 478 1169 debellandos
502 1139 644 1170 Orientis

62 1185 205 1227 populos
230 1184 457 1228 proficiscens,
485 1187 643 1216 Maecena-

63 1239 127 1263 tem
154 1234 266 1264 Romae
292 1234 418 1275 totique
441 1232 520 1263 adeo
541 1233 644 1264 Italiae

61 1278 255 1320 praefecerat.
270 1298 317 1305 --
341 1280 468 1311 Occidit
482 1280 569 1310 Daci
585 1279 643 1310 Co-

59 1325 172 1371 (isonis
180 1337 325 1370 agmen:
335 1328 533 1365 Cotisonem,
546 1327 641 1358 Geta-

61 1371 134 1428 rum
149 1384 230 1416 quos
246 1374 300 1406 hic
312 1376 418 1406 Dacos
433 1374 570 1416 appellat
580 1376 643 1405 Ho—

61 1421 161 1452 ratius
175 1421 322 1463 regem,a
337 1422 488 1460 Lentulo,
503 1422 645 1463 Augusti

59 1467 164 1510 legato
173 1490 183 1506 ‚
198 1469 322 1499 victum
334 1469 540 1511 Fugatumque
550 1469 646 1499 fuisse

61 1521 170 1545 narra
214 1516 402 1554 suetonius,
433 1518 545 1548 Octav.
580 1526 620 1546 21
634 1539 643 1554 ,

63 1561 178 1593 morus
193 1564 260 1601 lv,
279 1573 336 1595 ια.
354 1561 438 1594 Οἰιω
452 1562 571 1594 horum
583 1564 643 1593 im-

62 1609 227 1651 periorum
247 1610 365 1641 limites
391 1620 459 1640 non
485 1610 558 1640 satis
577 1609 642 1640 dis-

63 1656 158 1686 tincti
184 1664 303 1696 essent,
324 1663 356 1687 et
381 1658 548 1698 perpetuis
581 1658 642 1687 vic-

63 1703 219 1734 toriarum
243 1711 298 1735 aut
319 1702 457 1735 cladium
482 1704 642 1734 vicissitu-

63 1749 195 1781 dinibus
210 1752 427 1788 variarentur,
444 1750 642 1792 populorum

62 1807 193 1839 quoque
204 1798 337 1829 nomina
344 1798 427 1839 saepe
438 1796 554 1838 saepit'is
566 1807 643 1829 con-

62 1843 158 1875 fundi
172 1845 220 1875 nil
237 1845 368 1876 mirum.
382 1862 430 1868 —
442 1844 574 1881 Medus,
591 1844 640 1875 in-

55 1890 161 1934 festus
175 1890 245 1929 sibi,
266 1891 416 1923 luctuosis
434 1891 577 1922 Dessidet
589 1903 641 1922 ar-

63 1937 149 1968 mis.
146 1937 212 1969 ·εὶο
228 1945 404 1970 construe:
417 1938 533 1969 Medus
544 1939 644 1970 armis

60 1984 265 2023 luctuosis,h.
272 1996 301 2018 e.
312 1985 406 2016 hellis
414 1985 564 2016 civilibus
579 1985 642 2017 dis-

63 2031 201 2063 trahitur
215 2031 235 2063 i
249 2033 333 2063 veris
346 2033 398 2063 sui
413 2033 540 2074 imperii
558 2043 643 2064 com-

63 2078 188 2118 modis,
218 2078 282 2110 sibi
310 2078 457 2122 infestus,
493 2079 556 2110 sibi
582 2081 644 2111 soli

63 2127 202 2165 noxius,
216 2126 254 2157 in
275 2136 334 2157 sua
362 2127 483 2157 viscera
513 2133 642 2158 vertens

64 2183 150 2204 arma
169 2175 319 2205 Romano
344 2174 499 2215 sanguine
529 2173 643 2205 melius

65 2219 226 2266 tingenda-
243 2220 387 2263 Respicit
402 2227 497 2263 poeta
515 2219 555 2251 ad
573 2231 641 2253 cre-

693 808 768 839 bras
780 806 953 839 seditiones
962 804 980 836 31
990 804 1148 836 Tei-idatis
1166 805 1277 836 amicis

695 866 757 886 con
763 854 810 886 tra
826 855 994 886 Phraatem
1004 851 1083 883 solio
1097 851 1276 883 restitutum

695 909 808 934 motas.
825 901 909 932 Vide
925 911 1016 942 supr.
1027 899 1090 931 Od.
1106 901 1158 938 11,
1176 910 1206 938 2,
1222 900 1275 931 15.

745 960 775 988 7.
787 951 885 979 Vetus
898 947 997 979 hostis
1008 946 1174 978 Cantaber
1183 957 1195 976 :
1207 947 1278 977 His-

695 997 799 1039 paniae
828 996 971 1038 populus
997 993 1256 1036 septentrionalis
1267 1017 1276 1032 ,

696 1044 847 1086 idemque
862 1043 1088 1080 ferocissimus,
1102 1051 1199 1083 quem
1209 1051 1277 1072 uon

696 1091 758 1122 nisi
781 1097 855 1132 post
878 1090 1001 1121 bellum
1019 1099 1078 1130 per
1095 1098 1152 1118 sex
1175 1098 1278 1119 annos

696 1144 910 1169 sustentatum
924 1137 1070 1178 Agrippa
1084 1134 1214 1166 tandem
1227 1134 1278 1166 de-

695 1186 784 1217 vicit.
795 1183 903 1226 Quam
922 1184 1042 1215 durum
1058 1182 1166 1214 autem
1178 1183 1277 1224 impe·

696 1233 780 1263 rium
798 1233 834 1263 in
852 1231 992 1274 populos
1015 1228 1073 1260 dih
1095 1230 1278 1260 resistentes

695 1280 835 1312 Romani
875 1288 1026 1310 exercere
1058 1277 1198 1308 solerent
1226 1275 1277 1307 his

695 1327 803 1358 verbis
817 1327 969 1368 exprimit
980 1325 1134 1356 Horatius
1150 1334 1158 1356 :
1176 1323 1279 1354 Servie

696 1372 770 1405 ,ςενᾶ
784 1371 906 1404 calend
925 1371 1065 1403 domitus
1079 1382 1090 1402 :
1105 1382 1174 1402 nou
1188 1381 1276 1412 pare-

697 1432 752 1460 re,
773 1421 829 1452 sed
843 1420 975 1456 servire,
995 1429 1064 1450 non
1078 1426 1203 1449 exteras
1228 1417 1277 1448 le-

699 1479 768 1523 ges,
779 1468 835 1499 sed
849 1475 1002 1498 catenam
1015 1467 1083 1508 pati
1095 1465 1252 1505 jubentur
1265 1487 1277 1503 ,

698 1517 755 1557 qui
769 1515 950 1546 libertatem
973 1524 1064 1544 suam
1080 1510 1192 1543 contra
1209 1514 1275 1544 Ro-

696 1573 809 1593 manos
841 1562 982 1593 animose
1011 1559 1181 1591 defendere
1208 1559 1278 1589 ausi

696 1618 783 1641 suut.
801 1629 847 1634 —
862 1611 958 1640 Laxo
978 1619 1056 1639 arcu
1069 1619 1080 1638 .·
1099 1617 1210 1638 arcum
1224 1616 1275 1636 re-

696 1658 875 1694 mittentes,
892 1667 999 1697 neque
1016 1658 1199 1688 Romanum
1215 1654 1275 1684 im-

696 1711 806 1746 petum
822 1704 1026 1735 sustinentes,

745 1752 776 1783 8.
792 1751 973 1793 Negligens
986 1761 997 1780 :
1010 1760 1078 1781 non
1093 1750 1128 1779 in
1141 1748 1276 1791 longum

696 1805 839 1840 tempus,
857 1798 932 1836 sed,
954 1804 992 1828 ut
1012 1796 1144 1839 publica
1159 1796 1278 1826 securi-

696 1852 742 1876 tas
752 1869 761 1884 ,
787 1847 856 1876 sine
882 1845 950 1876 ullo
979 1845 1108 1886 imperii
1134 1843 1254 1874 damno
1267 1865 1275 1881 ,

695 1894 873 1934 permittit,
904 1890 1103 1933 aliquamdiu
1135 1901 1184 1921 res
1227 1891 1276 1920 tui

697 1941 840 1971 muneris
864 1940 1092 1970 intermittens.
1111 1940 1167 1969 Est
1189 1937 1275 1968 enim

697 1994 730 2018 et
746 1988 814 2029 regi
825 2010 834 2026 ,
852 1994 884 2017 et
917 1986 1108 2017 administro
1119 2008 1128 2024 ‚
1147 1992 1180 2016 et
1204 1985 1275 2015 viro

696 2034 828 2064 cuilibet
839 2033 972 2075 publico
980 2033 1161 2075 legitimum
1171 2032 1277 2062 otian-

696 2080 730 2111 di
758 2089 894 2122 tempus.
914 2099 960 2104 --
980 2083 1086 2111 Parce
1105 2078 1271 2120 privatus;

695 2129 731 2158 in
762 2129 920 2170 privatam
956 2126 1177 2158 conditionem
1209 2125 1282 2157 una.

697 2174 821 2205 tantum
851 2182 947 2205 nocte
974 2173 1133 2215 delapsu&
1148 2190 1196 2196 —-
1218 2171 1276 2203 Ni-

697 2222 795 2253 miz'cm
814 2232 926 2253 cavere
941 2232 983 2253 ree
995 2220 1062 2263 quiz
1068 2220 1210 2262 populus
1222 2218 1273 2251 Ia-
