1456 2508
518 158 598 192 LIB-
622 158 656 190 11
679 156 768 191 oDE
794 158 887 193 VEL:

201 218 405 258 Pulchrior
422 217 562 266 multo,
576 215 996 281 juvenumquesprodis

469 279 627 318 Publica
643 292 748 317 cura.

201 341 368 392 Expedit
384 342 516 381 matris
533 343 679 380 cineres
697 349 855 392 opertos

202 403 349 441 Fallere
367 403 395 450 ³,
414 413 452 442 et
469 411 550 442 toto
570 403 760 441 taciturna
779 402 904 440 noctis
1287 419 1315 433 υ

204 464 321 516 Signa
341 478 429 503 cum
446 466 561 513 coelo,
582 464 784 516 gelidaque
802 464 924 502 Divos

468 528 597 564 Morte
611 534 796 564 carentes.

203 586 320 624 Ridet
336 586 432 635 hoc,
453 587 608 638 inquam
619 616 629 635 ,
645 589 775 625 Venus
791 588 875 638 ipsa
891 587 919 634 4,
937 587 1063 626 rident

202 647 402 700 Simplices
417 649 627 700 Nymphae,
643 649 747 687 ferus
767 657 804 687 et
824 648 991 700 Cupido,

203 710 364 761 Semper
383 709 560 749 ardentes
582 724 721 749 acuens
738 710 893 762 sagittas
1288 720 1318 744 15

467 774 562 810 Cote
584 774 756 811 cruentcl.

201 830 313 875 Adde
331 832 436 883 quod
454 833 580 884 pubes
598 833 612 857 ⁵
629 834 701 872 tibi
720 834 858 872 crescit
878 834 1020 881 omnis,

203 893 376 932 Servitus
395 895 534 935 crescit
550 909 671 946 nova3
687 910 758 934 nec
778 896 930 948 priores

96 1029 192 1074 quim
206 1031 372 1073 poeticum
387 1031 496 1074 magis.
515 1032 565 1064 Sic
582 1044 672 1075 supr.

97 1080 112 1110 1
122 1102 132 1118 ,
148 1079 167 1110 5
179 1101 189 1118 ,
207 1087 269 1110 12:
284 1077 412 1116 Miseri,
431 1079 546 1120 quibus
573 1080 681 1111 intem·

97 1131 168 1158 hta
180 1125 266 1157 nites
275 1126 290 1155 .'
303 1126 380 1157 Nou
392 1126 491 1158 modo
513 1139 581 1158 uon
605 1139 677 1170 poc-

96 1182 154 1206 nas
165 1197 174 1213 ,
189 1173 247 1205 sed
271 1182 376 1204 novos
396 1171 523 1216 lepor'es
540 1175 557 1206 ὲ
580 1174 679 1218 perfi-

96 1221 148 1253 dih
158 1220 213 1253 tufi
223 1219 682 1265 trahis.——Juvenumquepro—

95 1268 146 1300 dis
154 1268 288 1312 publica
297 1277 394 1298 cura:
403 1269 460 1299 vix
469 1270 503 1300 in
512 1270 681 1312 publicum

97 1315 265 1359 procedis,
284 1324 397 1346 omnes
421 1317 580 1355 juvenum
601 1329 680 1350 oeu-
701 1333 707 1336 ·

97 1363 147 1396 los
157 1386 167 1404 ‚
180 1373 293 1396 omnes
305 1371 400 1393 curas
415 1363 527 1396 allicis.
538 1367 584 1396 Ec
593 1377 678 1397 vera

97 1410 224 1443 incessu
237 1408 349 1452 patuit
361 1410 425 1440 dea
439 1434 448 1448 ‚
475 1413 568 1455 Virg.
585 1415 678 1446 AEne.

97 1458 134 1498 1,
154 1465 232 1500 409.

129 1506 161 1539 3.
172 1504 322 1548 Expedit
333 1504 448 1535 matris
462 1505 584 1536 cineres
595 1518 683 1549 oper-

98 1556 147 1585 bs
162 1553 292 1586 Fallere
304 1563 316 1583 :
333 1550 459 1584 tantum
474 1551 575 1596 igitur
592 1555 681 1586 abest

98 1601 236 1642 perjurii
264 1608 360 1643 poena
388 1606 420 1631 te
446 1607 620 1643 sequatur,
646 1609 682 1633 ut

99 1647 246 1680 videatur
255 1649 316 1680 tibi
334 1648 500 1688 expedire,
511 1649 590 1679 uu'le
600 1660 666 1680 esse
675 1673 683 1688 ,

99 1705 150 1726 res
180 1697 390 1726 sanctissimas
405 1718 414 1733 ,
449 1696 660 1735 jurejurando
673 1720 682 1736 ,

99 1741 240 1781 violare3
255 1743 346 1774 verbi
365 1749 444 1783 grat.
454 1765 463 1780 ‚
477 1743 600 1774 cineres
613 1755 681 1774 ma—

100 1789 159 1820 tris
173 1795 239 1821 tuae
262 1790 344 1820 umfn
365 1789 565 1829 reconditos,
588 1792 681 1830 cujus

100 1834 308 1877 jurisjtxrandj
325 1847 439 1879 magna
457 1844 525 1867 erat
555 1838 678 1880 religio.

105 1883 188 1914 Ossa
202 1883 342 1926 tibijuro
354 1895 416 1926 per
432 1883 544 1915 mam's
562 1893 596 1915 ec
609 1896 681 1916 ossa

97 1930 261 1971 parentis,
282 1933 426 1974 Propert.
438 1933 470 1962 11
481 1955 489 1970 ‚
508 1932 547 1962 16
558 1944 594 1970 ,Νι
602 1933 682 1965 5.-

102 1975 154 2008 Ee
170 1984 236 2008 toto
260 1978 422 2009 taciturna
449 1978 552 2009 noctis
576 1980 679 2023 Signa

101 2034 174 2054 cum
193 2025 273 2056 coelo
291 2036 304 2055 .·
330 2025 476 2056 similiter
509 2028 682 2066 conjunxit

102 2073 194 2119 Virg.
212 2074 284 2103 ΕΠ.
299 2073 349 2104 IX
359 2096 368 2111 ‚
381 2079 465 2114 429:
486 2073 607 2104 Coelum
621 2074 682 2105 hoc

101 2125 136 2149 ee
149 2119 280 2150 conscia
298 2119 406 2150 sidera
422 2128 530 2152 testor.

149 2172 181 2204 4.
196 2166 291 2197 Ridet
307 2165 382 2204 hoc,
402 2167 536 2208 inquam
546 2190 554 2204 ‚
573 2170 681 2199 Venus

101 2211 171 2254 ipsa
188 2224 199 2244 :
217 2221 254 2244 ut
270 2215 340 2244 Nec
355 2214 471 2256 jurare
487 2215 564 2246 time
585 2226 597 2245 .·
619 2218 678 2246 Ve-

100 2260 187 2291 ιιι-ήσ-
203 2261 351 2303 perjuria
375 2261 472 2292 ‘vente’
497 2261 594 2292 Irrita
615 2274 680 2304 per

94 2313 200 2338 terras
225 2315 257 2339 et
274 2308 368 2352 freta
392 2319 519 2340 summa
534 2308 669 2352 ferunt,

729 1032 852 1064 Tibull.
871 1034 905 1070 Ι,
928 1037 964 1071 4,
989 1042 1045 1063 21.
1075 1050 1121 1055 -
1150 1031 1321 1074 Simplices

731 1078 895 1120 Nymphae
916 1090 931 1110 .·
964 1079 1078 1115 codem
1107 1090 1203 1110 sensu
1223 1102 1231 1117 ‚
1253 1091 1319 1121 quo

731 1127 890 1170 Virgilius
918 1137 970 1158 eas
990 1125 1116 1169 fizciles
1148 1128 1319 1166 nominat,

732 1174 800 1205 Ecl.
821 1175 869 1205 III
882 1197 890 1212 ‚
910 1185 930 1216 9
943 1183 951 1206 :
972 1175 1018 1205 Ec
1031 1186 1095 1217 quo
1109 1173 1322 1217 (sedfaciles

733 1221 897 1263 Nymphoe
914 1219 1031 1264 n‘se‘re)
1045 1223 1179 1253 sacello.
1196 1240 1244 1247 -
1258 1224 1324 1253 Ar-

733 1269 848 1300 dentes
865 1269 1004 1312 sagiceas
1019 1281 1030 1300 :
1047 1281 1120 1312 quae
1131 1293 1139 1309 ,
1160 1270 1244 1312 ignis
1271 1271 1321 1301 in-

733 1316 819 1355 stiw,
851 1326 925 1355 cor,
953 1316 1146 1356 medullam,
1172 1327 1244 1348 ossa
1270 1317 1323 1348 de-

730 1370 887 1405 pascunt,
917 1364 1082 1404 exedunt,
1115 1371 1252 1396 torrent.
1274 1383 1321 1389 ——

735 1411 813 1442 Coee
831 1410 968 1442 emened
982 1423 994 1442 .·
1008 1419 1081 1443 cote
1095 1423 1192 1454 quam
1207 1412 1322 1444 crude-

732 1459 771 1490 lis
784 1460 887 1497 Puer,
907 1470 977 1490 non
999 1458 1100 1504 aqu-4,
1115 1466 1154 1490 ut
1175 1459 1247 1490 fieri
1271 1471 1323 1491 so-

732 1505 778 1536 let
787 1528 796 1544 ‚
810 1505 867 1537 sed
879 1517 995 1538 cruore
1007 1507 1174 1548 perfundit
1183 1531 1192 1546 ‚
1212 1517 1322 1539 aman-

734 1554 816 1584 tium
843 1554 936 1584 malis
961 1554 1128 1597 gaudens:
1148 1561 1180 1586 et
1200 1554 1234 1585 id
1253 1554 1322 1586 dic-

735 1608 825 1639 tum,
843 1602 979 1643 propter
1005 1601 1107 1633 caedes
1132 1613 1212 1644 quas
1232 1613 1322 1634 amor

735 1649 857 1691 gignit,
888 1649 941 1680 vel
974 1649 1063 1691 quod
1091 1649 1322 1681 immoderatus

735 1705 828 1727 amor
865 1698 1004 1728 exitium
1042 1698 1177 1728 amanlis
1218 1705 1323 1728 matu-

735 1751 794 1775 ret.

783 1791 814 1823 5.
845 1791 943 1822 Adde
973 1791 1064 1833 quod
1076 1791 1177 1834 pubes
1193 1803 1204 1822 :
1223 1792 1316 1833 quid-

733 1838 811 1888 quid
825 1845 873 1870 est
882 1839 1042 1878 juvenum
1053 1862 1062 1878 ‚
1075 1839 1228 1870 adolescit
1243 1839 1314 1877 tibi,

733 1887 768 1916 in
790 1887 839 1918 tui
868 1887 1022 1928 gratiam,
1042 1894 1080 1917 ut
1098 1894 1157 1918 tuo
1183 1898 1216 1918 se
1241 1887 1318 1917 sub-

733 1934 839 1965 mittat
870 1934 1028 1975 imperi03
1054 1934 1163 1972 unde,
1191 1934 1321 1964 servitus

734 1991 829 2013 nova.
844 1981 977 2018 Ser-vire,
994 1980 1156 2012 servicium
1166 1981 1207 2012 de
1217 1992 1322 2011 aman-

735 2034 786 2066 te3
821 2039 956 2071 regnum
995 2029 1011 2059 ὸ
1047 2028 1160 2060 contr&
1191 2028 1321 2059 mulieri

736 2083 846 2107 amatae
867 2076 1032 2107 tribuitur.
1051 2077 1186 2106 Inverso
1204 2086 1319 2113 sensu,

734 2122 886 2154 Tibullus
929 2123 1039 2154 Ciuthi
1088 2121 1319 2154 adolescentuli

733 2169 1012 2211 pulchritudinem
1029 2169 1180 2208 laudans,
1200 2172 1258 2208 lv,
1281 2170 1300 2200 5
1311 2194 1318 2207 ‚

736 2217 778 2247 3:
800 2219 844 2247 Te
868 2224 1042 2254 nascente,
1066 2228 1182 2247 novum
1201 2220 1317 2248 Parcoe

731 2263 877 2295 cecindre
881 2264 1002 2306 puellis
1019 2264 1200 2302 Servitium,
1218 2273 1250 2296 et
1264 2264 1317 2295 de-

727 2310 846 2342 derunt
879 2322 983 2354 regna
1017 2311 1152 2353 superba
1180 2312 1248 2344 tibi.
1268 2330 1314 2335 -
