1456 2508
215 115 279 146 186

606 118 648 157 Q.
673 114 856 148 nomm
881 117 1034 150 FLAcm

318 172 395 209 Aut
414 171 564 222 pinguis
582 173 755 222 Phrygiae
771 174 996 224 Mygdonias
1014 187 1125 226 opQS,

321 227 547 270 Permutam‘
563 233 655 270 velis
673 234 777 271 crine
794 235 998 285 Licymniae
1017 243 1031 266 7
1045 264 1056 283 ‚

480 293 610 329 Plenas
629 303 694 330 aut
711 294 882 332 Arabum
901 295 1033 332 domos
1046 323 1056 341 ‚

321 354 422 389 Dsun
442 352 638 402 flagrantia
655 353 857 404 detorquet
875 356 923 393 ad
942 355 1070 394 oscula
1375 361 1405 387 ²⁵

325 411 520 448 Cervicem
541 412 573 459 ὓ,
590 411 658 451 ⁴aut
676 414 776 451 facili
794 416 938 453 saevitia
953 423 1066 466 negat

327 473 439 518 Quae,
456 480 634 521 poscente
652 472 786 523 magis,
801 475 963 526 gaudeat
979 476 1100 526 eripi,

476 533 672 570 Interdtun
692 547 825 585 rapere
843 539 1032 587 occupat?

221 658 326 679 sarum
361 649 416 689 qui
445 648 485 679 ab
522 660 559 680 eo
593 651 790 691 appellantur

222 694 434 732 Achaemenii‚
463 695 714 728 Achaemenides.
746 716 791 722 ——

224 741 416 782 Mygdonias
426 751 498 782 opes
508 753 518 772 :
527 743 718 784 Mygdones‚
727 747 793 775 Ma-

224 788 364 818 cedoniae
374 794 495 818 veteres
501 789 615 819 incolae
629 790 792 821 Thraciam

225 832 334 865 versns
344 856 353 872 ‚
366 833 451 864 unde
465 836 499 865 in
513 836 621 865 Asiam
639 837 790 876 profecti,

226 887 347 922 partem
360 890 481 922 magnae
497 881 642 923 Phrygiae
658 883 792 923 occupa-

226 933 323 965 runt,
339 938 450 967 quam,
468 927 484 957 ὲ
511 930 620 968 patriae
644 930 791 966 nomine,

227 972 440 1014 Mygdoniam
454 973 663 1014 appellarunt.
680 975 729 1004 Ibi
743 985 794 1005 au-

230 1020 294 1050 tem
317 1020 459 1060 regnavit
477 1020 580 1049 Midas
595 1020 665 1057 ille,
681 1021 795 1062 opibus

229 1073 261 1097 et
276 1064 406 1096 avaritia
418 1066 603 1096 celebratus.

277 1123 307 1151 7.
324 1114 511 1142 Permutat-e
528 1112 612 1142 velis
637 1112 724 1142 crine
745 1113 796 1143 Li-

228 1158 364 1197 cymnioe
381 1169 391 1187 :
418 1159 521 1195 crine,
543 1169 603 1199 pro
635 1159 795 1198 crinibus,

228 1215 288 1246 pro
304 1205 451 1236 universa
466 1206 566 1236 coma.
588 1207 637 1235 Ex
653 1217 691 1236 eo
706 1217 798 1236 versu

230 1252 367 1292 profecti
405 1259 479 1282 sunt
521 1253 706 1292 interpretes
743 1254 799 1292 qui

231 1298 366 1339 probare
402 1298 573 1328 voluerunt
604 1299 800 1340 Licymniam

232 1345 328 1374 fuisse
346 1345 529 1375 Maecenatis
547 1345 687 1376 amicam.
713 1348 800 1385 Quo-

234 1390 330 1421 modb
342 1412 350 1427 ‚
368 1392 521 1432 inquiunt
531 1413 540 1428 ‚
557 1392 706 1421 Horatius
718 1391 801 1421 dice-

236 1444 303 1474 ret,
329 1448 453 1468 comam
480 1438 586 1467 amicae
608 1449 672 1468 suae
701 1440 803 1478 potio-

236 1494 304 1513 rem
319 1484 468 1514 omnibus
499 1484 585 1514 orbis
621 1484 737 1525 opibus
759 1485 801 1514 vi-

237 1529 306 1559 deri
352 1530 467 1560 debere
511 1532 675 1560 Maecenati
691 1531 704 1560 P
729 1533 802 1562 Res-

238 1575 366 1616 pondeo
376 1587 450 1607 cum
460 1576 635 1614 Sanadone‚
648 1576 691 1606 ita
703 1578 802 1618 vulgi)

238 1624 383 1653 amatoris
412 1623 554 1653 animum
582 1623 727 1663 disponi,
745 1630 801 1660 ut,

237 1667 394 1710 quidquid
409 1669 448 1699 de
463 1676 570 1699 amatae
582 1669 721 1699 mulieris
733 1680 804 1710 pre-

237 1716 284 1746 tio
299 1717 413 1753 sentit,
430 1715 511 1745 illud
529 1716 606 1745 alios
628 1723 659 1745 et
677 1726 804 1756 praeser—

238 1762 295 1791 tim
314 1763 429 1792 amicos
444 1763 559 1791 sentire
581 1771 708 1802 quoque
727 1773 806 1803 prae-

237 1815 352 1838 sumat.
369 1807 600 1849 Hypothetice‚
617 1808 705 1838 addit
717 1810 807 1839 Sana-

236 1853 300 1891 do,
318 1855 523 1884 ratiocinatur
543 1856 716 1887 Horatius:
733 1855 803 1886 Ah!

240 1901 267 1930 si
282 1922 290 1936 ‚
306 1907 343 1930 ut
358 1900 454 1937 mihi,
468 1901 512 1930 sie
535 1900 592 1930 tibi
603 1923 612 1938 ‚
631 1903 803 1940 Maecenas,

241 1953 316 1977 nota
329 1953 408 1977 esset
424 1947 596 1988 Licymniae
609 1958 685 1977 meae
694 1948 805 1987 forma,

241 1993 269 2022 si
283 1993 370 2023 dulci
380 1994 446 2032 ejus
456 1995 657 2032 commercio,
667 1994 805 2036 loquela,

240 2039 360 2081 ingenii
375 2046 407 2070 et
419 2040 590 2080 voluptatis
611 2041 733 2071 artibus
756 2053 806 2072 aes-

242 2086 350 2116 timata
389 2085 448 2116 tihi
482 2086 577 2124 foret,
607 2087 674 2117 haee
703 2090 808 2118 omnia

242 2132 341 2171 pluris
349 2132 464 2162 faceres
478 2131 574 2173 quam
587 2133 748 2164 thesauros
762 2146 810 2166 or-

234 2177 292 2208 -bis
311 2180 460 2210 universi.
477 2179 622 2210 Amantis
637 2180 783 2211 delirium
797 2191 805 2213 :

844 655 924 684 nihil
942 654 1048 696 magis.
1064 670 1110 676 -
1124 653 1245 683 Plenas
1259 660 1316 683 aut
1329 654 1410 683 Ara—

845 702 916 731 bum
939 702 1050 731 domos
1065 711 1076 729 :
1094 699 1206 730 domos
1223 699 1387 740 opulentas
1399 721 1408 737 ‚

845 755 974 789 propter
993 753 1167 778 aromatum
1192 753 1410 776 mercaturam.

891 795 921 824 8.
951 795 1036 824 chm
1044 791 1232 836 flagrantia
1247 791 1412 832 detorquet

845 840 892 869 ad
910 840 1018 869 oscula
1040 839 1187 869 cervicem
1201 849 1212 867 .·
1225 836 1302 868 diam
1318 837 1409 868 obse-

845 886 955 926 quiose
965 885 1099 915 inflectit
1109 891 1214 925 caput,
1227 885 1293 914 sive
1308 883 1347 914 ad
1361 895 1412 913 ex-

845 931 990 971 cipienda
1015 930 1122 961 oscula
1148 941 1221 971 quae
1243 929 1260 960 a
1280 940 1329 960 me
1349 929 1413 971 ipsi

845 978 1038 1015 offeruntur,
1053 978 1118 1008 sive
1133 976 1227 1007 etiam
1241 975 1281 1006 ad
1294 987 1328 1006 ea
1342 986 1414 1017 pro-

848 1023 1001 1054 vocanda.
1012 1022 1163 1054 -Facili
1167 1021 1288 1055 saevt‘tid
1295 1031 1394 1065 negat
1402 1035 1414 1054 :

847 1068 967 1100 soeviu’d
989 1081 1062 1110 qnae
1079 1069 1171 1100 facil&²
1192 1077 1412 1112 expugnatur,

848 1126 919 1157 quae
928 1116 1009 1146 nihil
1017 1117 1132 1147 sinceri
1145 1116 1251 1148 habet.
1259 1133 1305 1139 —
1317 1118 1397 1158 Qttae
1402 1140 1412 1154 ‚

845 1169 996 1203 poscente
1017 1161 1140 1204 magis,
1157 1163 1302 1205 gaudeat
1316 1163 1396 1205 eripi
1406 1174 1418 1193 .·

849 1215 943 1249 negat
955 1209 1084 1249 quidem
1095 1232 1103 1247 ,
1117 1216 1171 1239 aut
1182 1208 1290 1250 potins
1305 1221 1418 1252 negare

850 1255 976 1285 videtur
990 1255 1096 1285 oscula
1107 1278 1116 1292 ,
1130 1254 1206 1285 dnm
1224 1256 1327 1287 tamen
1337 1278 1347 1295 ,
1363 1267 1419 1287 cu-

851 1303 899 1342 pit
908 1299 1123 1332 vehementins
1134 1300 1239 1331 adhnc
1251 1301 1346 1343 quam
1360 1313 1417 1344 ego

853 1349 909 1388 qui
945 1348 999 1378 illa
1037 1358 1242 1389 poposceram
1253 1370 1262 1386 ‚
1292 1349 1353 1379 sibi
1382 1359 1417 1379 ea

853 1395 943 1434 eripi.
961 1411 1006 1417 —-
1023 1394 1181 1424 [merdam
1199 1403 1311 1435 rapere
1327 1406 1418 1425 occu-

849 1447 912 1480 pat
925 1451 936 1470 :
954 1441 1052 1481 graece
1063 1463 1071 1478 ‚
1092 1437 1198 1482 φθόίνει
1216 1438 1418 1484 ἀρπάζουσσι;

853 1488 940 1527 prior
959 1488 1040 1527 rapit
1053 1487 1175 1524 oscula,
1192 1487 1353 1518 osculatur
1361 1498 1420 1518 neo

853 1540 1046 1574 poscentem.
1061 1534 1111 1563 Sic
1123 1533 1158 1562 in
1175 1533 1283 1564 sthico
1297 1534 1420 1572 Plauti,

854 1580 1023 1620 Panegyris
1047 1589 1154 1608 socero
1175 1579 1356 1620 Antiphoni
1369 1591 1421 1611 oc-

854 1635 986 1655 currens
1007 1634 1015 1655 :
1032 1626 1127 1655 Ferre
1145 1625 1310 1656 adversam
1323 1625 1422 1656 homi—

856 1682 927 1701 nem
956 1680 1142 1711 occupemus
1164 1671 1303 1702 osculum
1322 1683 1335 1702 .·
1359 1674 1420 1714 gal-

855 1717 915 1747 lice
929 1728 940 1746 :
959 1718 1099 1747 Coumns
1112 1718 1289 1748 ceu-devant
1302 1718 1341 1748 de
1356 1719 1403 1749 lui
1412 1741 1421 1758 ,

858 1771 890 1794 et
901 1761 1104 1793 heitom-nous
1123 1764 1162 1793 de
1176 1763 1376 1795 l'embmsser
1389 1766 1423 1796 Ia

855 1821 943 1851 prem
948 1810 1021 1841 iere.
1031 1811 1146 1840 Dicant
1155 1809 1242 1840 nnnc
1248 1810 1294 1841 illi
1301 1813 1425 1842 Horatii

857 1858 1043 1897 interpretes
1059 1855 1076 1886 a
1095 1856 1212 1897 quibus
1236 1856 1276 1888 de
1289 1857 1423 1899 persona

857 1903 1030 1944 Licymniae
1054 1902 1273 1942 dissentimus,
1293 1902 1333 1934 An
1358 1915 1424 1947 gra-

858 1957 927 1979 tum
941 1949 1050 1979 fuisset
1065 1949 1251 1987 Maecenati,
1264 1949 1346 1980 hane
1360 1951 1424 1982 ihm

857 2005 962 2026 veram
973 2018 981 2033 ,
997 1994 1060 2025 tam
1073 1996 1187 2026 nativis
1199 1995 1361 2028 coloribus
1375 1997 1426 2028 de-

859 2043 1007 2082 scriptam
1028 2040 1151 2072 artiflcii
1165 2044 1336 2073 meretricii
1350 2045 1425 2074 ima-

860 2090 964 2130 ginem
975 2111 984 2127 ‚
1010 2088 1077 2119 sive
1103 2088 1142 2118 ad
1165 2089 1295 2118 amicam
1305 2111 1314 2126 ‚
1339 2090 1404 2121 sive
1415 2113 1424 2128 ,

859 2135 947 2176 quod
969 2135 1066 2176 magis
1090 2142 1263 2176 repugnat,
1278 2134 1317 2166 ad
1344 2146 1425 2167 uxo·

860 2192 928 2212 rem
949 2191 1037 2212 suam
1049 2204 1058 2221 ,
1076 2181 1268 2213 referendam
1283 2181 1409 2214 habere.

593 2272 1040 2289 4—
