1416 2508
553 131 838 169 PRAEFATIO.
1251 146 1294 170 xx

61 203 302 258 Audiamus
335 206 554 264 Persium,
591 220 837 268 satyrarum
871 209 1126 268 scriptorem
1162 225 1288 269 egre-

64 273 184 332 gium
197 305 210 328 ,
228 277 491 318 antecessori
513 292 594 319 suo
614 277 784 336 egregie
808 276 1094 336 gratulantem
1114 277 1182 320 his
1204 294 1289 331 noq-

62 340 236 385 tissimis
257 341 463 400 et.(quod
490 358 580 397 non
608 346 696 386 tam
718 343 902 387 feliciter
935 343 1065 403 vulgo
1092 344 1288 403 obtinet)

61 406 287 452 intellectu
303 409 514 452 facillimis
531 410 727 453 versibus
743 425 753 453 :

201 549 309 579 Omne
322 546 411 578 vafer
427 546 544 579 vitium
561 547 683 579 ridenti
696 548 829 580 Flaccus
845 549 948 581 amioo

201 601 337 644 Tangit,
355 609 388 633 et
402 601 558 634 admissus
574 602 699 634 circam
717 603 898 646 praecordia
915 603 1020 643 ludit,

201 655 344 688 Callidus
359 667 495 689 excusso
512 658 674 701 populum
693 658 890 701 suspendere
907 669 997 690 naso.

62 764 251 810 Prodeat
267 783 445 828 quoque
466 770 554 811 tam
574 780 785 812 emunctae
810 769 925 812 naris
941 767 1092 824 judex,
1113 769 1289 824 Quinti-

8 851 11 853 *
66 835 204 878 liunus
224 849 236 878 t
253 856 270 873 α
283 835 424 879 Multo
445 848 531 892 ests,
547 837 714 896 inquit,
734 838 900 880 Lucilio
918 837 1076 880 tersior
1091 851 1140 878 ac
1151 852 1289 895 purus

63 905 198 963 magis
218 904 423 946 Horatius
439 937 451 959 ,
470 916 513 947 et
540 903 595 947 ad
630 904 847 949 notandos
881 906 1111 948 hominum
1145 919 1288 947 mores

60 971 317 1029 praecipuus.
341 971 595 1029 Lyricorum
617 971 734 1014 idem
766 972 856 1015 fere
881 972 998 1015 solus
1021 971 1106 1028 (de
1127 971 1290 1013 Latinis

62 1037 231 1080 tantum
249 1038 392 1097 lyricis
412 1038 634 1098 loquitur)
652 1039 736 1098 legi
763 1038 944 1098 dignus3
963 1042 1065 1081 nam
1085 1048 1128 1081 et
1146 1037 1291 1093 insur-

61 1106 124 1165 git
147 1106 402 1166 aliquando,
426 1118 470 1149 et
495 1107 651 1165 plenus
670 1119 735 1150 est
750 1106 1036 1162 jucunditatis
1059 1117 1102 1149 et
1120 1106 1289 1164 gratiae,

60 1185 104 1217 et
123 1174 250 1216 variis
270 1173 418 1233 figuris
446 1186 490 1217 et
519 1174 662 1216 verbis
692 1174 935 1217 felicissime
962 1172 1115 1216 audax.
1131 1193 1148 1209 u
1169 1170 1288 1227 Quid

59 1241 159 1296 alia,
172 1241 266 1284 tum
283 1243 307 1285 ὲ
331 1241 529 1283 Martiale
540 1275 551 1296 ‚
570 1241 668 1284 tum
691 1258 743 1284 ex
758 1242 874 1284 AElio
902 1240 1150 1300 Lampridio
1167 1273 1178 1294 ,
1194 1241 1288 1282 Au-

60 1310 200 1364 sonio,
218 1310 270 1352 D.
285 1309 568 1368 Hieronymo,
583 1310 778 1364 Sidonio,
797 1309 1024 1368 desumpta
1041 1307 1289 1351 testimonia

59 1377 267 1431 referam,
297 1375 396 1419 cum
422 1392 471 1419 ea
497 1377 552 1419 sit
580 1378 695 1420 inter
726 1392 877 1434 omnes
911 1377 988 1436 qui
1014 1375 1070 1419 de
1105 1375 1288 1417 Horatio

56 1444 450 1502 pronuntiaverunt
462 1443 715 1499 concordia,
731 1455 783 1487 ut
802 1443 968 1499 nullus,
985 1458 1115 1502 quem
1130 1443 1284 1496 sciam,

58 1511 167 1554 alius
183 1522 312 1570 poeta
329 1510 488 1554 latinus
501 1545 512 1566 ‚
539 1512 737 1554 unanimi
761 1513 896 1571 magis
923 1526 1139 1554 consensu
1153 1543 1164 1564 ,
1185 1509 1288 1552 artis

59 1594 147 1622 suae
178 1579 380 1638 princeps
422 1578 661 1621 declaratus
695 1579 771 1633 sit;
807 1578 908 1621 cum
942 1578 1089 1621 nullus
1135 1577 1289 1619 existat

60 1647 137 1706 qui
155 1646 279 1689 variis
297 1646 517 1688 variorum
543 1645 848 1689 conditionum
879 1646 1109 1689 affectibus
1142 1659 1290 1687 neces-

59 1713 344 1771 sitatibusque
379 1711 674 1756 abundantius
713 1724 941 1772 suppetat3
983 1712 1131 1756 nullus
1164 1713 1288 1765 cujus

67 1781 214 1840 plures
232 1795 382 1828 versus
397 1781 650 1823 memoriam
673 1781 741 1822 sui
765 1793 929 1840 gratam
943 1792 986 1824 et
1007 1781 1157 1823 utilem
1181 1779 1291 1822 fece-

62 1850 174 1902 rint3
197 1848 365 1900 nullus,
386 1848 462 1906 qui
477 1846 818 1890 adolescentium
839 1859 1006 1891 mentes
1031 1848 1168 1907 igneis
1194 1847 1288 1890 telis

63 1915 246 1958 vividius
265 1907 411 1973 feriatss
435 1915 582 1967 nullus
598 1915 642 1958 in
659 1931 747 1975 quo
765 1927 931 1958 matura
946 1928 1044 1962 aetas
1063 1914 1283 1969 meditari,

65 1997 194 2041 quem
209 1983 329 2026 senili
340 1993 383 2025 et
401 1982 584 2025 tremula
606 1999 739 2025 manu
754 1996 853 2027 aetas
872 1995 1076 2043 provecta
1090 1994 1289 2025 extremae

63 2049 160 2092 vitae
175 2050 340 2092 socium
355 2061 397 2092 et
412 2049 643 2092 solatore-m
657 2061 840 2094 tractare
855 2051 993 2106 malit;
1016 2061 1059 2093 et
1072 2082 1084 2104 ,
1100 2050 1137 2092 si
1149 2063 1287 2108 pauca

61 2115 321 2176 dempseris,
343 2121 522 2161 virtutis
542 2134 665 2161 verae
691 2118 876 2177 qualiter
902 2117 956 2162 de
985 2118 1127 2176 seipso
1154 2116 1287 2171 canit,

63 2186 285 2230 custodem
305 2188 586 2248 rigidumque
599 2190 839 2231 satellitem
853 2219 862 2229 .

122 2254 265 2298 Placet
281 2258 424 2300 tamen
436 2289 446 2312 ,
455 2257 543 2310 jam
559 2258 699 2300 citatis
715 2267 910 2300 veterum
925 2253 1201 2308 testimoniis,
1215 2267 1291 2295 no-
