1456 2508
607 140 647 178 Q.
672 138 854 169 HonArn
878 138 1028 172 FLACCI

320 195 562 243 Mentemque
576 194 808 245 lymphatam
825 196 1034 235 Mareotico
1054 203 1069 233 4

373 254 532 303 Redegit
553 254 592 290 in
612 267 721 292 veros
741 255 895 293 timores
917 255 934 280 5
1151 288 1159 294 ,
1371 268 1400 292 ιῡ

424 316 568 360 Caesar,
587 313 635 351 ab
653 315 762 352 Italia
780 315 970 354 volantem

322 373 447 410 Remis
467 373 675 423 adurgens,
697 375 876 426 accipiter
893 377 998 415 velut

321 431 454 469 Molles
473 432 685 480 columbas,
706 443 771 472 aut
791 435 959 485 leporem
974 436 1070 475 citus

374 493 541 528 Venator
555 492 595 528 in
613 492 754 543 campis
767 494 901 531 nivalis

426 551 628 598 AEmoniae,
648 552 755 589 daret
774 560 816 589 ut
835 553 975 591 catenis
1375 570 1404 588 2⁰

323 609 448 647 Fatale
468 620 688 649 monstrum.
707 614 801 659 Quae
819 614 1036 663 generosius

324 670 451 707 Perire
467 684 656 720 quaerens,
677 685 746 709 nec
764 673 1001 714 muliebriter

377 731 539 780 Expavit
557 744 682 769 ensem
702 731 729 778 ⁶,
746 746 815 770 nec
830 734 987 772 latentes

427 790 550 828 Classe
567 791 641 828 citat
655 793 846 842 reparavit
863 806 948 831 oras
970 801 995 830 ’7.

220 944 313 966 mus:
334 933 399 965 e⁴cre
421 935 526 967 enivre'
549 937 589 967 de
608 948 645 968 sa
659 938 779 980 gleire,

221 981 261 1012 de
278 991 335 1011 son
348 981 501 1022 opulence
509 1005 519 1019 ,
542 991 600 1014 ecc.

268 1033 299 1063 4.
339 1028 552 1069 Lymphatam
589 1030 764 1061 Mareotico
776 1042 786 1061 .·

219 1073 353 1104 subaud.
376 1074 466 1106 vino.
492 1075 680 1117 Lymphati,
698 1078 788 1118 quasi

221 1119 395 1161 Nymphati
405 1143 414 1158 ‚
424 1121 528 1162 inquit
537 1123 644 1152 Festus
655 1134 663 1160 ;
681 1123 788 1154 crede-

222 1165 315 1196 batur
331 1166 413 1197 enim
427 1178 480 1198 eos
493 1169 548 1209 qui
558 1168 730 1209 nympham
744 1180 789 1200 as-

222 1213 331 1252 picere
341 1214 407 1243 ausi
417 1214 625 1252 erant,statim
639 1215 681 1244 ob
692 1221 787 1246 teme-

221 1259 344 1288 ritatem
354 1281 363 1296 ,
373 1259 408 1289 in
418 1270 536 1290 caecum
553 1260 693 1291 furorem
703 1261 742 1291 ah
753 1260 788 1292 eti

222 1303 324 1345 adigi3
339 1315 432 1345 quarn
447 1307 631 1346 opinionem
645 1307 694 1337 his
712 1309 789 1339 Ovi-

222 1349 267 1380 dii
282 1351 442 1389 versibus,
460 1352 589 1384 Heroid.
613 1354 628 1382 Ι
638 1376 646 1391 ,
667 1359 706 1392 47
720 1377 729 1391 ,
742 1355 789 1384 in-

222 1396 283 1426 niti
305 1407 372 1428 non
393 1397 552 1429 diffiteor:
570 1401 638 1429 Aue
650 1411 730 1440 quas
743 1411 791 1430 se-

221 1441 336 1473 mideoe
366 1443 519 1482 Driades,
555 1445 720 1487 Faunique
749 1446 791 1476 bi-

221 1498 333 1519 cornes
352 1490 494 1521 Numine
516 1499 681 1522 contactas
707 1499 789 1522 ateo-

221 1545 317 1565 tmere
332 1546 397 1567 suo.
420 1537 530 1567 Malim
549 1545 651 1568 tamen
669 1539 789 1579 simpli-

220 1581 337 1612 ciorem
344 1583 494 1613 Jnvencii
500 1584 790 1625 interpretationem

219 1628 319 1668 sequi.
334 1630 359 1658 F
362 1630 475 1667 uriosi‚
491 1631 612 1670 inquit,
633 1631 790 1671 appellan-

220 1680 273 1703 tur
305 1675 488 1716 Lymphafi,
517 1675 591 1716 quia
623 1676 769 1717 lymphas
779 1699 788 1714 ,

219 1719 284 1750 sive
305 1730 415 1760 aquas,
435 1721 563 1763 fugiunt
583 1729 613 1752 et
637 1722 787 1760 horrent,

218 1765 242 1795 ii
255 1766 429 1806 praesertim
441 1778 520 1807 quos
542 1770 626 1798 canis
647 1769 788 1798 rabiosus

220 1812 397 1852 appetierit.
438 1813 645 1844 Mareoticum
682 1821 788 1844 autem

218 1858 332 1888 vinum
346 1880 354 1896 ,
387 1869 576 1899 generosum
615 1860 789 1901 imprimis,

219 1904 408 1935 nascebatur
433 1906 533 1946 prope
558 1906 787 1944 Mareotide-m,

220 1951 350 1991 AEgypti
374 1950 538 1992 paludem,
554 1951 668 1991 hodie,
683 1952 734 1982 lac
749 1953 789 1983 de

221 1996 395 2028 Buclziara.

268 2043 301 2074 5.
318 2045 357 2074 In
370 2054 464 2074 veros
474 2044 601 2075 timores
610 2054 620 2074 :
635 2045 704 2085 ipso
713 2055 790 2086 pug-

219 2098 270 2119 nae
287 2091 424 2120 Actiacae
443 2091 535 2121 initio
560 2091 667 2132 sugam
690 2090 788 2120 medi-

219 2133 344 2166 tabatur
363 2137 544 2177 Cleopatra,
570 2135 682 2178 parum
704 2135 789 2166 solli·

219 2182 281 2211 cita
296 2181 358 2223 qua
375 2184 495 2213 ratione
510 2184 672 2214 Antonius
687 2193 718 2213 se
734 2193 787 2212 ex-

216 2227 341 2268 pediret
364 2238 373 2260 :
402 2235 494 2271 atquc
522 2229 600 2260 adeo
627 2229 787 2271 sexaginta

838 940 972 971 navibus
986 951 1043 983 per
1051 941 1191 972 medium
1201 952 1312 984 agmen
1325 944 1409 985 elap-

839 997 870 1016 sa
881 985 960 1029 fugit
970 996 979 1018 z
988 987 1043 1018 sed
1051 986 1124 1019 cum
1133 987 1213 1018 vidit
1225 989 1286 1019 sibi
1293 989 1410 1020 instare

839 1034 946 1063 missas
959 1033 975 1064 a
986 1034 1106 1065 Caesare
1118 1034 1316 1073 Liburnicas,
1330 1034 1408 1066 tunc

841 1078 914 1109 vere
928 1081 1037 1111 timere
1057 1082 1163 1122 coepit.
1178 1098 1225 1104 -—
1237 1081 1288 1111 Ab
1306 1079 1408 1112 ltalia

841 1125 1010 1157 volantem
1019 1139 1033 1164 ;
1051 1127 1091 1157 ab
1109 1126 1145 1157 ea
1157 1128 1310 1157 nimirum
1321 1128 1409 1168 Epiri

840 1178 945 1212 parte,
961 1183 1032 1213 quae
1054 1173 1178 1203 Italiam
1195 1173 1333 1214 respicit.
1350 1174 1409 1205 AE-

841 1217 958 1247 moniae
967 1229 978 1247 .·
991 1219 1159 1249 Thessaliae
1168 1241 1177 1257 ‚
1191 1229 1263 1260 quae
1275 1225 1322 1250 est
1337 1229 1408 1260 pars

842 1264 987 1302 Graeciae,
1005 1263 1049 1295 ita
1069 1271 1188 1295 vocata:
1209 1264 1249 1295 ab
1271 1264 1410 1306 quodam

842 1311 910 1348 ejus
922 1310 1068 1352 principe
1081 1313 1214 1341 AEmone
1224 1333 1232 1348 ‚
1246 1310 1412 1342 Deucalio'-

843 1357 892 1386 nis
909 1355 993 1394 filio,
1007 1367 1077 1388 non
1097 1356 1138 1387 ab
1158 1359 1287 1395 Haemo,
1302 1363 1411 1388 monte

842 1402 996 1434 Thraciae.
1008 1419 1055 1427 —-
1073 1403 1187 1434 Fatale
1215 1409 1387 1433 monstrum
1398 1414 1410 1432 .·

842 1448 1042 1488 pestiferum,
1061 1451 1212 1480 Romanae
1227 1439 1410 1490 reip'ublicae

842 1495 1022 1526 exitiosum.
1039 1495 1127 1526 Audi
1140 1497 1259 1527 Lucan.
1275 1497 1324 1532 X,
1347 1494 1409 1536 593

842 1540 880 1570 de
905 1539 1013 1571 eadem
1043 1539 1208 1582 Cleopatra
1233 1551 1242 1572 :
1266 1540 1412 1571 Dedecus

843 1586 995 1628 AEgypd,
1013 1586 1107 1618 Latio
1114 1586 1232 1630 jer-alis
1248 1587 1405 1626 Erynnis,

842 1634 989 1663 Romano
1005 1644 1071 1663 non
1089 1640 1179 1664 casta
1195 1633 1294 1664 malo.

889 1679 920 1709 6.
950 1678 1092 1720 Expavit
1116 1689 1223 1710 ensem
1247 1690 1258 1709 :
1287 1678 1411 1710 fortiter

842 1734 948 1754 ensem
963 1725 1110 1755 manibus
1132 1726 1277 1756 tractavit
1297 1735 1361 1766 quo
1378 1735 1411 1755 se

841 1770 1019 1811 perfossura
1034 1770 1146 1803 fuerat.
1159 1771 1234 1802 Vim
1251 1771 1336 1801 enim
1351 1770 1412 1801 sibi

841 1816 966 1856 prolato
991 1816 1053 1846 telo
1079 1817 1195 1847 inferre
1216 1816 1409 1854 conabatur,

842 1862 1041 1892 Proculeium
1054 1863 1233 1904 conspicata
1248 1863 1305 1904 qui
1322 1873 1355 1893 se
1372 1862 1411 1893 ad

842 1909 1050 1938 Octavianum
1061 1907 1214 1939 ducturus
1228 1915 1325 1947 esset3
1336 1910 1410 1940 Pro-

842 1953 963 1983 culeius
979 1955 1034 1984 vix
1050 1954 1099 1984 illi
1115 1954 1132 1985 ὲ
1148 1953 1293 1985 manibus
1310 1954 1409 1985 telum

842 2000 984 2031 extorsit.

890 2056 919 2084 7.
942 2047 1011 2076 Nec
1037 2045 1170 2077 latentes
1201 2045 1309 2077 Classe
1343 2045 1410 2077 σῖτά

841 2091 1002 2131 reparavit
1021 2102 1094 2123 oras
1111 2103 1123 2122 :
1148 2102 1216 2124 non
1234 2093 1407 2134 reparavit,

840 2136 873 2166 id
887 2143 946 2175 est,
967 2149 1034 2169 non
1053 2138 1115 2169 sibi
1138 2136 1248 2169 rursus
1269 2139 1408 2179 paravit,

840 2194 906 2214 non
940 2185 1104 2224 quaesivit,
1119 2185 1289 2226 praecipitis
1326 2183 1409 2225 fugae

840 2229 989 2260 damnum
1005 2237 1036 2262 et
1057 2231 1263 2273 ignominiam
1278 2240 1407 2272 repara-
