1404 2482
434 108 512 139 Lm.
538 107 587 138 111
612 106 701 138 ODE
723 106 873 137 XXVII.

140 185 156 201 «ι
175 166 379 217 Virginum
393 166 529 218 culpae.
542 164 764 215 Vigilansne
781 163 895 215 ploro

140 245 156 262 «ι
175 229 307 279 Turpe
319 226 594 265 commissum?
613 227 663 263 ἑιιι
681 224 786 263 vitiis
796 233 997 264 carentem

325 305 342 323 «ι
362 288 480 327 Ludit
495 288 624 338 imago
1220 296 1251 323 40

140 369 155 385 ‹-
175 353 302 398 Vana,
323 362 410 400 quae
429 350 543 401 porta
561 348 710 400 fugiens
729 346 879 386 eburna

141 428 158 446 a
178 409 380 450 somnium
396 409 530 448 ducit?
550 409 736 448 meliusne
755 409 895 447 fluctus

142 491 157 507 α
176 474 239 510 Ire
258 485 330 524 per
344 471 479 523 longos
498 470 587 519 fuit,
603 474 652 509 {m
672 479 847 511 recentes

327 550 342 568 a
363 536 532 584 Carpere
549 532 692 571 flores?

141 614 157 629 «
177 594 220 634 Si
237 594 324 647 quis
342 594 523 632 infamem
539 594 636 633 mihi
655 608 758 632 nunc
772 595 984 646 juvencum
1220 603 1252 630 245

151 673 167 690 ι
186 656 313 694 Dedat
330 655 438 694 iratae
459 662 486 678 ¹¹
501 658 510 694 ἔ
527 659 718 695 Lacerare
737 657 860 703 ferro,
882 665 921 694 et

143 734 158 751 «
179 719 373 768 Frangere
391 717 515 755 enitar
533 715 652 756 modo
671 719 836 756 multum
853 718 970 755 amati

329 796 344 812 n
366 780 521 817 Cornua
539 779 653 817 tauri.

139 856 156 874 ι
174 839 384 891 Impudens
407 839 503 890 liqui
524 841 670 892 patrios
690 843 870 891 penates!

139 919 155 937 α
173 902 384 954 Impudens
400 903 548 941 Orcum
568 915 702 940 moror
718 905 764 939 ¹²!
784 904 820 942 O
839 905 1014 940 Deorum
1221 912 1252 936 50

139 979 156 997 ι
174 963 216 1003 si
239 963 326 1014 quis
344 963 427 1001 haec
446 963 576 1010 audis,
594 964 743 1002 utinam
762 963 863 1002 inter
882 976 1008 1001 errem

328 1040 344 1058 α
364 1024 478 1062 Nuda
496 1024 647 1062 leones!

1180 106 1245 144 327

33 1158 139 1200 culpae
153 1169 166 1189 .·
184 1165 328 1190 attenuat
349 1160 474 1190 crimen
501 1170 609 1198 suum,

37 1216 104 1248 prae
113 1205 240 1248 pudore
249 1217 258 1245 ;
268 1205 336 1243 sed,
352 1205 458 1247 quoad
467 1216 608 1247 poenam,

34 1254 128 1296 quasi
153 1254 361 1285 conscientiae
393 1253 607 1292 cruciatibus,

33 1307 215 1343 exaggerat.
234 1301 339 1342 Culpa
355 1307 421 1338 θεῖς
446 1311 522 1331 nam
542 1312 609 1343 quo

31 1350 167 1380 nomine
196 1346 326 1379 tantum
361 1348 486 1379 facinus
512 1349 611 1390 digne

31 1389 180 1427 nominet
190 1417 200 1434 ,
224 1405 298 1437 quae
315 1406 348 1426 se
363 1402 457 1426 tauro
471 1394 611 1426 nimium

32 1449 146 1474 umato
155 1442 353 1483 subjecerit?
378 1442 440 1474 Sed
457 1444 610 1474 amissum

30 1489 224 1532 virginitatis
243 1489 401 1521 honorem
419 1489 535 1528 deflet,
548 1501 607 1521 ne-

32 1546 97 1579 que
120 1535 155 1567 id
177 1534 246 1568 und
270 1544 372 1568 morte
394 1537 470 1568 satis
495 1538 608 1579 puniri

32 1593 127 1626 posse
144 1583 273 1616 fatetur.
294 1585 347 1616 Sic
362 1585 552 1626 Propertius
569 1585 612 1616 de

32 1630 180 1673 'ran-peu,
193 1630 259 1662 unffi
276 1631 294 1663 ὲ
307 1631 490 1673 virginibus
498 1633 613 1663 Vesta-

33 1677 140 1717 libus,
157 1689 230 1720 quae
248 1689 282 1709 se
294 1679 401 1716 Tatio,
417 1678 612 1710 Sabinorum

32 1725 112 1767 regi,
138 1726 346 1767 prostituerat
360 1735 368 1757 :
385 1727 431 1756 Et
448 1724 529 1756 satis
543 1737 611 1757 una

33 1772 132 1803 ’ποῖαι
144 1772 255 1814 potuit
277 1783 362 1803 mors
392 1784 460 1804 esse
487 1774 611 1814 puella:

34 1820 117 1861 Qua·
146 1819 256 1851 voluit
270 1820 437 1864 flammas
458 1820 584 1863 fallere
595 1845 606 1859 ,

34 1867 154 1903 Vesta,
189 1874 263 1898 tuas
276 1871 294 1898 ι’
317 1884 367 1892 ·-
402 1867 610 1910 Vigilans-ne

28 1913 126 1955 ploro
137 1924 150 1944 .·
165 1913 316 1946 dubitare
329 1914 401 1945 vult
411 1938 420 1953 ‚
437 1926 477 1945 an
498 1915 609 1947 reversi

31 1970 154 1993 nocens
162 1962 224 1999 sit,
238 1972 295 2000 an,
313 1962 390 1993 licet
399 1963 545 1999 innoxia,
556 1974 610 1993 va-

31 2008 73 2038 mi
89 2009 208 2039 somnii
226 1985 345 2040 fallziois
365 2010 504 2052 imagine
521 2010 610 2040 delu-

31 2054 138 2087 datur.
162 2073 211 2081 --
246 2057 326 2098 Quoe
347 2055 448 2104 ρον-τά
466 2056 606 2099 fiegiens

30 2100 163 2135 eburna.
187 2104 319 2135 Somnia
337 2095 479 2142 scilicet,
504 2111 541 2135 ut
554 2115 606 2136 ve-

29 2155 113 2181 tere·
132 2156 239 2192 poetae
249 2149 435 2182 finxerunt.
427 2162 508 2193 per
525 2151 604 2183 duas

27 2203 159 2238 portas,
179 2197 256 2229 falsa
278 2197 411 2239 quidem
434 2209 492 2240 per
506 2199 602 2230 ebur-

26 2254 118 2276 neum
130 2266 140 2284 ‚
157 2254 232 2276 vera
254 2245 364 2277 autem
377 2256 436 2288 per
453 2256 603 2278 corneam

664 1159 681 1189 ὲ
699 1159 778 1189 locis
802 1158 915 1190 inferis
941 1159 1147 1190 emittuntur.
1166 1159 1245 1191 vid.

664 1208 763 1237 Hom.
775 1206 896 1247 Odyss.
911 1207 1004 1243 xlx,
1019 1206 1098 1243 562,
1115 1213 1146 1236 et
1157 1207 1248 1249 Virg.

664 1253 791 1284 AEneid.
812 1254 871 1291 VI,
893 1253 972 1294 894.
996 1270 1045 1276 —
1088 1252 1245 1285 lileliusne

652 1300 778 1344 fluctus
793 1300 839 1331 ire
850 1311 914 1342 per
925 1301 1060 1343 longos:
1074 1299 1164 1342 quod
1185 1312 1246 1332 nu-

664 1348 724 1389 per
733 1347 900 1390 descripsit
909 1355 1015 1389 poeta,
1026 1349 1145 1390 repetit
1157 1347 1247 1380 nime

665 1396 814 1437 Europe,
853 1395 952 1437 paulo
984 1395 1096 1427 forsim
1123 1395 1247 1439 langui-

665 1441 753 1474 dius.

715 1500 768 1521 11.
802 1489 839 1519 Si
868 1488 939 1530 quis
968 1489 1126 1532 infamem
1162 1489 1245 1520 mihi

662 1537 748 1567 nime
764 1536 935 1577 juvencum
946 1537 1059 1568 Dedac
1068 1537 1162 1568 iratoe
1172 1547 1184 1566 .·
1196 1537 1248 1567 de-

666 1584 867 1621 testandum,
886 1584 926 1614 εὸ
956 1584 1047 1625 quod
1067 1585 1148 1615 mihi
1171 1583 1247 1614 illu-

664 1633 753 1663 serit.
772 1630 899 1662 Vividae
931 1633 1079 1674 Europes
1107 1631 1151 1663 ob
1178 1631 1246 1662 cul-

659 1689 742 1720 pam
765 1689 855 1709 suam
874 1677 998 1709 tardius
1010 1679 1265 1721 ingemiscenti&

665 1737 728 1767 que
735 1727 881 1757 rimoniae
893 1727 899 1756 l
909 1743 956 1749 —-
964 1725 1222 1768 Lacerareserro
1231 1736 1244 1756 .·

663 1773 728 1804 hoc
754 1781 802 1804 est
825 1774 860 1804 in
885 1774 1062 1805 mulierum
1080 1773 1246 1811 moribus,
1295 1805 1299 1807 Α

665 1827 703 1851 ut
719 1821 854 1861 injurias
870 1821 934 1851 sibi
948 1821 1052 1852 illatas
1063 1843 1072 1859 ,
1095 1831 1147 1852 eas
1159 1822 1245 1862 ipsas

664 1878 744 1909 quas
770 1867 855 1910 saepe
891 1867 1010 1910 saepit'is
1039 1874 1242 1910 provocant,

664 1925 744 1956 quas
762 1926 831 1947 non
846 1916 916 1946 sine
932 1915 1075 1957 quodam
1092 1915 1242 1957 volupta-

663 1963 704 1992 tis
719 1973 815 1994 sensu
835 1965 1018 2004 accipiunt,
1043 1962 1101 1993 uhi
1124 1961 1246 2004 cupido

663 2008 844 2048 deferbuit,
870 2010 1022 2041 manibus
1047 2011 1131 2047 suis,
1158 2008 1244 2040 ultra

663 2056 758 2088 etiaim
774 2057 928 2095 modum,
952 2058 1070 2099 punire
1093 2056 1242 2099 gestiant.

713 2115 765 2136 ια.
782 2105 960 2146 Imprudens
973 2106 1090 2135 Orcum
1106 2113 1216 2134 moror
1225 2114 1237 2134 :

656 2151 802 2192 pudicita
816 2151 941 2190 amissa,
958 2151 1106 2183 Plutonis
1129 2150 1244 2182 domos

658 2199 746 2230 adire
774 2201 901 2230 moror!
921 2215 970 2223 -
995 2198 1114 2229 Nuda:
1129 2198 1243 2229 stricto

658 2254 689 2278 et
702 2248 837 2289 proprio
860 2256 979 2286 semu;
994 2245 1116 2288 pudori
1134 2246 1238 2278 §enim
