1456 2508
185 160 227 196 64
566 160 606 199 ρ.
633 155 815 188 HonATn
839 152 991 190 FLACCI

290 216 421 263 Liber,
442 225 478 253 et
497 215 605 253 saevis
621 214 774 252 inimica
792 216 911 266 Virgo

288 277 426 314 Belluis
446 291 454 314 :
472 289 542 313 nec
566 284 620 323 te,
639 275 840 314 metuende
860 277 980 325 certa,

624 335 783 384 Phoebe,
801 337 948 387 sagitte.

288 397 420 434 Dicam
441 405 478 434 et
497 395 699 444 Alcidenw,
719 410 935 447 puerosque
955 395 1088 443 Ledae,
1340 406 1370 431 2⁵

289 459 399 493 Hunc
417 457 542 506 cquis,
559 456 666 494 illurn
684 470 865 507 superare
883 457 1018 507 pugnis

290 516 465 554 Nobilem
483 532 491 553 :
510 529 674 568 quorum
692 517 803 555 simul
823 517 909 554 alba
928 517 1054 554 nautis

628 577 742 614 Stella
760 578 924 624 refulsit,

287 635 429 672 Defluit
446 635 579 672 saxis¹1
602 637 764 685 agitatus
782 636 940 683 humei-3

287 695 499 732 Concidunt
514 695 636 741 venti,
659 696 883 746 fugiuntque
902 696 1040 744 nubes;
1339 706 1370 730 30

286 758 332 792 Et
351 755 497 801 minax,
517 757 604 791 niun
623 753 676 792 sic
695 756 869 803 volucre,
890 765 1007 806 ponto

626 814 738 852 Unda
758 815 957 852 recumbit.

281 875 486 913 Romulum
503 883 590 925 post
607 875 677 912 hos
696 875 821 926 prius,
843 888 890 912 an
910 876 1082 925 quietum

225 947 229 950 ’
282 935 443 986 Pompili
461 948 620 986 regnum
639 949 864 982 memorem,
882 949 928 973 an
947 935 1132 987 superbos

280 995 465 1047 Tarquini
484 997 652 1043 fascesw,
673 996 826 1043 dubito,
847 1009 895 1034 an
914 997 1066 1035 Catonis
1335 1005 1368 1030 ⁵3

619 1056 757 1094 Nobile
779 1055 972 1094 lethumffi.

229 1215 279 1235 ιο.
299 1202 456 1239 Alciden,
482 1202 652 1233 Herculem
663 1225 671 1239 ,
688 1202 744 1233 Al-

178 1253 250 1288 caei,
271 1250 289 1280 ἒι
312 1256 411 1279 matre
433 1248 489 1278 sua
508 1249 679 1286 Alcmene,
694 1259 746 1278 ne-

177 1305 296 1339 potem.
328 1313 374 1319 -—
403 1298 583 1335 Puerosque
611 1295 707 1325 Leda*
733 1306 744 1324 :

176 1345 337 1376 Castorem
363 1348 394 1372 et
415 1341 595 1379 Pollucem,
611 1342 746 1371 Dioscu-

176 1401 227 1421 ros
237 1413 245 1428 ,
259 1388 343 1420 filios
356 1389 446 1419 Jovis
462 1394 492 1417 et
506 1387 612 1424 Ledae,
627 1386 666 1417 de
679 1388 747 1428 qui-

175 1437 236 1467 bus
247 1442 294 1466 sat
307 1435 376 1465 fuse
391 1435 427 1464 in
439 1440 508 1465 not.
524 1433 619 1474 supra
631 1435 679 1464 III
688 1455 697 1471 ‚
714 1443 744 1464 2.

176 1500 223 1506 --
238 1484 332 1512 Hunc
346 1480 451 1522 equis,
471 1479 560 1510 illum
576 1497 620 1503 --
636 1480 746 1511 Castor

175 1539 330 1570 equorum
355 1527 513 1564 domitor,
531 1526 647 1557 Pollux
670 1536 746 1556 caes-

175 1582 269 1605 tuum
308 1574 480 1604 certamine
516 1573 660 1603 illustris.
700 1590 746 1596 —

175 1621 293 1656 Stella,
309 1631 385 1661 pro,
399 1619 514 1656 stellae,
531 1613 744 1657 oohst211a1i03

172 1668 270 1698 stellae
284 1666 367 1696 enim
381 1666 514 1706 geminae
528 1666 744 1702 serenitatem,

173 1714 268 1744 unica
305 1718 522 1753 tempestatem
563 1711 742 1743 denuntiat.

176 1761 227 1791 Gn
231 1758 375 1800 ossiaque
384 1756 526 1788 ardentis
532 1756 668 1787 decedat
675 1758 745 1788 stel-

174 1808 206 1837 Ia
225 1806 366 1836 Coronoe.
382 1805 472 1846 Virg.
485 1804 602 1844 Georg.
618 1805 632 1833 I
642 1826 650 1840 ,
665 1814 704 1834 22
712 1815 742 1835 2.

225 1863 277 1883 11.
306 1850 428 1894 Dcflm’c
447 1849 538 1880 saxis
552 1860 563 1878 .·
582 1860 639 1890 per
663 1861 742 1880 enu-

173 1899 378 1931 merationem
390 1897 529 1937 partium
540 1895 688 1936 graphice
700 1907 744 1926 se-

174 1945 316 1977 renitatis
341 1943 481 1973 reditum
506 1948 650 1972 exornat.
677 1943 742 1972 De-

160 1992 243 2037 stuic
257 1990 346 2033 saxis
361 2001 372 2019 .·
386 1988 544 2019 delabitur
559 1987 646 2018 unda
659 1999 741 2028 quae,

171 2050 228 2081 per
240 2039 306 2068 vim
319 2035 468 2078 procellae
478 2057 486 2071 ‚
505 2034 654 2075 scopulos
670 2035 740 2064 vul-

170 2087 226 2126 go,
245 2094 312 2126 prae
337 2080 540 2118 celsitudine,
559 2087 682 2121 apertos
710 2088 741 2110 et

170 2133 270 2163 siccos
278 2153 286 2168 ,
303 2134 481 2170 operuerat.
495 2129 614 2157 Pontus
623 2144 668 2150 -
677 2137 741 2156 sco-

166 2178 322 2219 pulosque
337 2173 508 2216 superjacit
523 2173 644 2202 undam
659 2174 738 2213 Spu-

171 2229 268 2255 m‘eus.
283 2223 373 2263 Virg.
391 2219 513 2252 AEneid.
533 2220 597 2256 XI,
612 2219 738 2250 625.—

172 2273 275 2302 Ponto
303 2267 391 2298 unda
418 2265 591 2302 recumbit‚·
613 2273 715 2306 ponto
725 2289 734 2302 ‚

798 1203 833 1231 in
849 1201 957 1232 dativo
979 1211 1068 1239 easu3
1092 1211 1177 1232 mare
1198 1202 1365 1241 sternitur,

799 1249 996 1289 explanatur.
1006 1247 1141 1278 -Νὰηι
1155 1247 1200 1278 sic
1208 1248 1342 1279 voluere
1351 1260 1365 1286 ,-

799 1294 888 1332 alias,
913 1291 965 1324 Dc*
983 1294 1045 1331 sic,
1076 1294 1166 1336 quod
1186 1294 1251 1331 sic,
1279 1294 1367 1336 quod

798 1340 858 1377 sic,
876 1340 940 1382 quiz
957 1340 1023 1376 sic;
1041 1341 1133 1381 parvi
1148 1342 1301 1372 momenti
1316 1351 1367 1372 va-

799 1388 882 1418 riant
908 1397 916 1418 :
940 1385 1156 1417 Mitscherlich
1183 1393 1216 1418 et
1237 1387 1367 1429 Daering

799 1439 925 1463 secutus
947 1443 1028 1464 sum.
1043 1431 1251 1474 Magnificum
1265 1440 1313 1464 est
1326 1433 1366 1464 il-

798 1479 856 1509 lud
868 1502 876 1518 ,
893 1479 968 1509 ηὰιη
991 1478 1034 1508 sic
1052 1479 1202 1516 voluere,
1223 1479 1292 1511 solo
1313 1490 1365 1510 eo-

799 1536 869 1555 rum
885 1531 969 1555 nutu
983 1525 1051 1555 haec
1065 1527 1171 1556 omnia
1186 1524 1281 1557 flunt.

850 1582 863 1601 1
871 1582 901 1602 2.
915 1571 1068 1611 Superbos
1081 1569 1366 1614 Tarquinfsasm:

798 1618 1007 1658 Tarquinium
1016 1640 1024 1655 ‚
1055 1628 1123 1648 non
1149 1617 1281 1658 quidem
1306 1620 1366 1650 Su·

798 1664 934 1704 perhum
949 1670 980 1693 et
989 1664 1137 1694 ultimum
1147 1666 1365 1695 Romanorum

798 1721 902 1752 regem
931 1717 1100 1747 memorat,
1125 1709 1178 1740 sed
1202 1710 1346 1742 Priscum
1355 1734 1364 1749 ,

797 1758 854 1797 qui
878 1757 991 1794 fasces,
1026 1756 1115 1798 regni
1143 1756 1295 1798 insignia,
1325 1757 1365 1788 ab

797 1802 923 1833 Etruria
938 1803 1062 1843 petivit.
1083 1802 1235 1843 Superbos
1259 1809 1364 1833 autern

795 1849 873 1879 dicit
883 1872 891 1887 ‚
901 1848 989 1890 quod
1001 1859 1068 1879 non
1076 1847 1180 1878 solum
1189 1847 1229 1879 ad
1241 1850 1364 1890 regium

795 1902 979 1936 apparatum
990 1918 998 1932 ,
1014 1895 1070 1925 sed
1082 1894 1120 1924 ad
1133 1905 1274 1925 severam
1285 1905 1365 1936 quo·

795 1942 858 1982 que
873 1947 904 1971 et
915 1947 1077 1971 cruentam
1092 1940 1202 1982 legum
1208 1941 1363 1972 ultionem

795 1987 1019 2019 inserviebant.
1040 1987 1121 2027 Quis
1135 1997 1202 2018 non
1217 1987 1365 2029 intelligit

793 2033 888 2076 quam
896 2033 1047 2063 indecore
1057 2034 1267 2073 Tarquinium
1274 2055 1284 2072 ‚
1294 2044 1364 2064 cru-

795 2080 897 2111 delem
919 2086 1091 2121 tyrannum
1101 2102 1111 2117 ,
1125 2080 1210 2109 inter
1221 2089 1362 2110 summos

794 2129 904 2158 Romae
914 2127 998 2157 vlros
1007 2128 1118 2156 Horat.
1134 2125 1360 2164 colloca-visset,

793 2183 932 2214 quorum
945 2173 1059 2203 seriem
1075 2172 1240 2214 Augustus
1255 2173 1362 2203 termi-

792 2219 902 2249 nabit?

843 2276 854 2295 1
865 2266 894 2296 3.
924 2264 1053 2296 Catonis
1079 2263 1185 2295 nobile
1216 2262 1359 2301 lethum,-
