1416 2508
189 134 257 159 xlv
662 119 937 157 PRAEFATIO.

325 218 413 249 Avee
427 217 472 248 toi
485 216 551 247 l’on
563 215 706 258 apprend
721 215 738 247 ὲ
754 217 885 248 souffrir
899 214 1090 260 l’indigenee
1102 216 1169 262 (1),

327 271 358 302 Α
368 271 456 310 jouir
467 277 626 313 sagement
642 270 737 301 d’uue
751 270 890 303 hounete
904 271 1058 313 opulence
1072 270 1140 315 (α),

324 326 355 356 Α
368 326 457 355 vivre
475 335 550 355 avec
562 324 729 356 soi-meme
743 325 808 367 (3),
825 325 843 356 a
861 326 962 356 servir
973 336 1022 356 ses
1036 325 1113 356 amis
1127 324 1197 368 (4),

327 380 359 411 Α
371 389 403 409 se
418 389 552 419 moquer
569 389 614 408 un
627 389 691 420 peu
707 379 746 410 de
763 390 811 409 ses
829 382 893 410 sots
906 380 1047 410 ennemis
1065 378 1132 422 (5),

325 435 357 464 A
371 433 465 463 sortir
479 433 574 463 d'uue
591 433 640 463 vie
657 443 701 464 ou
720 433 808 464 triste
826 443 871 464 ou
884 433 1030 465 fortunee

321 489 371 519 En
386 487 520 518 tendant
532 486 623 530 grace
639 497 703 518 aux
715 487 812 520 dieux
825 488 864 519 de
880 499 963 519 nous
980 487 1092 518 l’avoir
1105 486 1229 519 donuee
1240 486 1301 531 (6).

227 596 291 635 De
302 604 421 652 parte
429 594 730 651 typographica
737 594 949 650 paucaEx
958 595 1000 634 in
1005 594 1191 635 numeris
1202 593 1369 636 Horatii

183 659 440 702 editionibus
448 659 560 700 inter
573 673 616 699 se
628 658 786 699 collatis
798 668 962 699 constat
972 658 1062 699 haec
1070 657 1199 702 editio
1206 675 1217 712 3
1228 674 1372 719 quam-

184 740 267 782 que
280 724 469 766 sedulam
483 724 769 765 curiositatem
781 723 1055 766 emendandis
1075 739 1168 780 quae
1177 726 1264 777 jam
1276 739 1371 784 pro-

181 791 518 849 dieruntVirgilii
528 790 750 846 Tacitique
761 790 960 847 operibus
970 790 1256 846 adhibuimus,
1265 807 1370 846 eam,

180 859 282 900 huic
297 873 408 915 quae,
419 873 546 914 supra
565 868 618 911 ut·
629 856 822 910 diximus,
836 867 926 898 tota
939 866 1083 898 nostra
1096 867 1176 911 est,
1195 872 1284 899 non
1299 857 1371 899 de—

181 923 310 967 fuisse
321 924 441 965 facile
455 922 774 966 existimabitur.
787 923 1060 964 Tentavimus
1082 923 1240 981 aliquid
1255 924 1368 976 novi,

179 988 282 1031 dum
292 989 415 1031 variis
422 989 522 1030 artis
536 987 852 1045 typographicae
864 988 992 1045 signis
999 990 1063 1030 uti
1078 1004 1167 1030 non
1181 989 1370 1031 reformi-

179 1053 387 1108 davimus‚
409 1069 501 1111 quae
536 1055 579 1094 in
607 1053 852 1107 doctorum,
868 1064 919 1094 ut
954 1054 1092 1108 aiunt,
1115 1054 1370 1097 editionibus

176 1120 318 1179 vulgo,
330 1121 458 1163 veluti
473 1120 1186 1178 superflua,repudiantur.Verum,
1202 1122 1246 1162 in
1263 1131 1368 1164 trac-

176 1186 306 1227 tando
321 1197 495 1228 auctore
513 1187 583 1228 cui
599 1185 812 1228 studendo
827 1201 975 1228 omnes
993 1188 1186 1228 omnium
1197 1197 1366 1229 aetatum

176 1251 558 1309 conditionumque
569 1251 649 1293 viri
667 1251 941 1309 incumbunt,
951 1268 1030 1297 nos
1043 1252 1098 1295 ad
1111 1253 1243 1296 solam
1259 1252 1368 1294 utili-

218 1357 271 1398 (1)
751 1359 783 1390 Si
802 1358 917 1390 celeres
932 1360 1036 1401 quatit

361 1415 499 1451 Pennas,
514 1413 641 1455 resigno
654 1423 726 1454 quae
740 1413 827 1444 dedit
834 1437 968 1452 ......

408 1490 691 1499 ............
708 1468 907 1510 probamque

452 1523 638 1564 Pauperiem
650 1523 717 1553 siue
733 1522 807 1553 dote
820 1534 939 1566 quaero.
1029 1524 1089 1556 Od.
1108 1525 1175 1562 III,
1198 1534 1240 1565 29
1252 1546 1262 1564 ,
1275 1525 1330 1556 52.

217 1589 267 1632 (Β)
355 1590 495 1621 Auream
509 1590 653 1631 quisquis
669 1589 920 1622 mediocritatem

359 1643 481 1686 Diligit.
1021 1644 1081 1677 Od.
1097 1646 1144 1683 II,
1163 1654 1220 1684 10,
1241 1645 1272 1677 5.

219 1715 268 1758 (3)
585 1738 822 1747 ..........
837 1722 869 1746 et
884 1713 952 1746 meai

403 1770 533 1799 Virtute
546 1779 595 1798 me
609 1768 752 1799 involvo.
968 1768 1028 1799 Od.
1045 1769 1110 1804 III,
1130 1778 1173 1808 29
1184 1791 1193 1807 ,
1211 1768 1266 1799 55.

311 1821 399 1863 Quid
411 1833 523 1853 verum
533 1829 626 1863 atque
635 1821 750 1852 decens
758 1833 836 1852 curo
845 1829 877 1851 et
891 1832 971 1862 rogo
981 1844 990 1859 ‚
1005 1828 1035 1852 et
1049 1822 1152 1852 omnis
1163 1822 1199 1852 in
1208 1821 1270 1852 hoc
1282 1831 1364 1853 sum.

804 1875 906 1916 Epist.
922 1877 950 1914 I,
968 1886 983 1906 1
996 1898 1006 1915 ,
1029 1886 1081 1907 11.

218 1946 268 1989 (4)
308 1946 431 1978 Vellem
445 1946 481 1977 in
496 1945 632 1976 amicitia
645 1947 690 1977 sic
705 1957 891 1978 erraremus.
973 1948 1079 1986 Satyr.
1095 1948 1124 1983 I,
1143 1947 1178 1985 3,
1200 1951 1255 1983 [μ.

309 2002 365 2034 -Nil
378 2012 436 2042 ego
451 2002 641 2032 contulerim
656 2001 802 2040 jucundo
815 2011 909 2033 sanus
925 2002 1037 2033 amico.
1055 2003 1123 2033 Sat.
1136 2003 1164 2038 I,
1182 2002 1218 2041 5,
1237 2006 1291 2039 44.

219 2073 268 2116 (4)
283 2072 425 2109 Passim,
442 2079 474 2102 ec
482 2071 643 2112 praecipue}
657 2071 691 2101 in
711 2070 842 2111 Satyris.

219 2145 269 2187 (6)
386 2165 678 2175 ............
698 2149 809 2174 exacto
826 2149 969 2184 tempore
985 2143 1059 2173 vitae

313 2198 411 2231 Cedat
421 2220 430 2238 ,
443 2198 492 2228 uti
507 2198 642 2228 conviva
659 2204 757 2229 satur.
987 2199 1055 2229 Sat.
1070 2198 1098 2235 I,
1122 2207 1135 2228 1
1145 2219 1155 2237 ,
1173 2207 1187 2228 1
1197 2206 1248 2237 19.
