1456 2508
516 55 522 74 ἐ

547 133 627 165 Lm.
651 133 685 164 11
709 130 799 165 01)ss
820 133 865 163 X.

199 192 346 232 Cautus
365 192 557 231 horrescis
568 220 580 238 ,
598 191 759 229 nimium
777 188 992 242 premendo

441 252 568 290 Littus
582 252 774 302 iniquum.

201 317 371 352 Auream
389 313 563 364 quisquis
581 311 889 350 mediocritatem
912 318 926 333 ²
1303 317 1317 342 5

201 372 358 423 Diligit,
379 381 484 412 tutus
500 381 606 410 caret
625 371 792 409 obsoleti

204 432 394 472 Sordibus
411 433 521 480 tecti,
540 424 646 470 caret
663 430 877 469 invidenda

444 494 607 533 Sobrius
624 494 724 531 aula.

207 556 354 609 Saepius
373 555 388 579 3
404 557 528 594 ventis
548 556 716 606 agitatur
737 555 874 605 ingens

206 619 339 666 Pinus;
359 620 517 657 excelsae
533 618 710 668 graviore
728 629 819 654 casu
1289 633 1320 649 10

204 681 398 719 Decidunt
414 689 559 726 turres,
578 678 798 729 feriuntque
814 689 983 715 summos

447 741 622 780 Fulmina
641 748 804 778 montes.

208 805 347 855 Sperat
362 803 508 841 infestis
523 831 534 849 ‚
553 801 690 839 metuit
710 799 888 838 secundis

205 864 376 903 Alteram
395 873 539 902 sortem
555 863 570 892 4
588 862 688 900 bene
708 869 968 913 praeparatum

1252 137 1315 168 ¹77

98 1005 209 1045 ocius,
249 1007 435 1039 inevitabile
472 1008 678 1050 naufragium

100 1062 304 1096 experturus.
319 1073 367 1079 ·—-
378 1054 523 1087 Nimiam
532 1067 683 1096 premen-

101 1101 144 1133 do
158 1101 246 1133 littus
261 1101 407 1144 iniquum
423 1114 434 1133 :
449 1103 584 1133 alterum
599 1103 683 1144 peri-

100 1148 167 1180 culi
181 1160 282 1192 genus
296 1156 405 1187 notat;
422 1151 528 1180 nautis
542 1150 627 1180 enim
643 1150 682 1180 ti-

101 1195 216 1235 midis,
240 1197 331 1228 littus
356 1197 513 1228 continuo
540 1197 682 1227 radenti·

101 1242 182 1282 bus,
194 1243 406 1275 metuendum
426 1251 474 1275 est
490 1255 532 1274 ne
548 1244 588 1274 ad
602 1243 681 1274 vada

100 1297 134 1323 ct
151 1290 304 1333 scopulos
326 1292 437 1322 navim
461 1291 605 1323 allidant.
630 1293 681 1322 Ex

101 1337 196 1369 dictis
212 1339 250 1369 iu
269 1345 479 1381 argumento,
495 1337 613 1369 obvius
633 1344 682 1369 est

104 1384 264 1428 allegoriae
275 1395 398 1417 seusus.

152 1442 184 1464 α.
215 1433 362 1463 Auream
400 1431 652 1463 mediocritatem
669 1443 682 1463 .-

104 1489 199 1510 aurea
225 1489 377 1510 vocamus
398 1490 609 1521 quaecumque
631 1480 683 1510 vel

103 1525 260 1568 pulchra,
276 1526 329 1557 vel
341 1528 480 1568 pretiosa
493 1533 579 1558 sunt.
594 1526 685 1559 Nihil

106 1573 213 1604 autem
220 1573 440 1605 mediocritate
449 1581 504 1604 aut
515 1573 684 1615 pulchrius

105 1626 163 1650 aut
183 1619 286 1662 pluris
308 1620 542 1652 aestimaudum.
558 1639 606 1645 -
626 1620 684 1651 Di-

105 1665 206 1710 ligie:
222 1677 292 1699 nou
307 1666 413 1699 solum
434 1675 536 1707 amat,
549 1669 607 1699 sed
629 1668 684 1699 eli-

105 1714 153 1755 git
165 1719 200 1746 et
215 1715 378 1755 sequitur,
397 1716 532 1746 enititur
547 1723 584 1746 ut
599 1715 683 1746 hanc

105 1759 168 1791 sibi
189 1767 308 1792 sortem
329 1769 503 1803 comparet.
521 1781 569 1786 --
588 1764 685 1793 Παιω-

107 1815 198 1838 caret
228 1807 364 1848 obsoleti
390 1809 542 1840 Sardibus
573 1809 650 1840 tecti
673 1821 685 1840 :

106 1865 231 1896 pauper
263 1855 349 1886 enim
365 1878 374 1894 ‚
403 1855 607 1898 nequaquam
641 1857 683 1887 ab

107 1902 198 1932 omni
211 1909 302 1944 parte
322 1909 407 1933 tutus
426 1910 484 1935 est.
503 1906 620 1934 Fames
636 1911 683 1934 est

107 1949 300 1980 malesuada
313 1972 323 1986 ‚
352 1951 444 1992 Virg.
471 1951 596 1983 AEueid.
615 1953 682 1990 VI,
674 1963 681 1970 ·

107 2001 140 2026 et
164 1995 264 2038 turpis
284 2003 410 2039 egestas
446 1997 518 2029 eod.
546 1997 619 2029 loco
643 1998 683 2028 ad

108 2043 218 2074 omnia
232 2043 350 2074 scelera
362 2040 486 2076 incitat.
504 2045 618 2076 Caret.-
627 2057 684 2076 no-

107 2095 139 2120 ta
151 2090 244 2121 verbi
256 2090 553 2132 reduplicationem.
562 2110 610 2116 -
626 2095 681 2123 In-

106 2135 250 2168 videnda
266 2136 348 2168 auid
368 2149 380 2168 .-
401 2138 684 2182 aeffibus‘magnifi-

107 2184 154 2214 cis
171 2191 204 2215 et
218 2185 294 2215 vere
309 2185 421 2227 regiis,
440 2196 512 2228 qnae
527 2187 684 2218 invidiam

107 2239 269 2263 moveant.

156 2279 188 2310 3.
204 2278 329 2321 Saepiias
348 2290 361 2311 :
375 2280 527 2312 nonnulli
549 2280 683 2323 legunt,

733 1004 868 1042 saeviits;
898 1015 972 1036 mss.
992 1002 1072 1035 fides
1090 1011 1260 1047 repugnat.
1271 1021 1320 1029 —-

735 1051 932 1093 Feriuntque
940 1063 1080 1082 summos
1077 1051 1321 1094 ficlminamon-

737 1107 783 1130 tes
804 1111 814 1129 .·
838 1110 906 1129 non
925 1098 1092 1130 diffitebor
1118 1100 1155 1130 in
1181 1098 1318 1131 veterib.

738 1146 906 1178 codicibus
936 1146 1018 1188 legi,
1052 1157 1113 1188 pro
1147 1157 1226 1178 voce
1259 1145 1320 1177 isui

726 1193 893 1237 fidmina,
918 1193 1072 1236 fitlgura.
1115 1195 1216 1225 Error
1252 1199 1319 1233 est‚'

736 1239 854 1282 procul
869 1240 972 1271 dubio
984 1264 993 1279 ‚
1009 1240 1028 1271 ἐι
1040 1251 1140 1271 manu
1155 1240 1323 1272 scribenti-

734 1288 797 1318 bus
826 1287 993 1329 quondam
1024 1288 1209 1329 profectu83
1239 1287 1321 1330 quid

736 1335 823 1365 enim
845 1335 983 1376 periculi
1001 1333 1020 1365 ὲ
1034 1335 1243 1377 fulguribus?
1261 1338 1321 1367 Lo-

736 1393 810 1412 cum
836 1382 1054 1422 percelebrem
1091 1383 1187 1413 multi
1214 1389 1320 1424 poetae

736 1430 852 1459 imitati
866 1437 952 1461 sunt.
971 1429 1143 1460 Tollantur
1153 1429 1187 1460 in
1201 1430 1322 1475 altum*

739 1478 782 1506 Ut
798 1476 890 1517 lapsu
912 1476 1060 1519 graviore
1082 1484 1198 1514 ruant,
1223 1477 1319 1509 Clau-

737 1522 823 1554 dian.
845 1523 878 1553 in
903 1522 991 1555 Rufi.
1009 1525 1042 1563 Ι,
1061 1535 1116 1556 22.
1137 1525 1320 1556 Nnmerosa

731 1570 878 1612 parabat
889 1571 1042 1602 Excelsae
1048 1571 1143 1602 cun-is
1156 1571 1316 1610 tabulata,

740 1617 825 1648 unde
834 1617 934 1648 altior
940 1626 1020 1649 esset
1033 1619 1144 1656 Casus,
1160 1626 1193 1650 et
1202 1619 1319 1661 impul-

737 1675 925 1706 saeprceceps
932 1665 1074 1696 immane
1080 1665 1192 1703 ruinae,
1197 1668 1219 1698 J
1222 1677 1318 1699 uven.

738 1714 780 1750 X,
796 1723 808 1742 1
816 1712 871 1743 05.
884 1713 998 1744 Claud.
1009 1714 1107 1756 paulo
1115 1713 1200 1745 infra
1209 1714 1321 1746 locum

735 1758 801 1798 jam
818 1760 952 1790 citatum
967 1770 974 1791 ἰ
990 1761 1138 1792 Incubuit
1153 1761 1320 1804 nunquam

738 1805 876 1836 coelestis
891 1807 1040 1851 flamma
1075 1808 1217 1846 salictis,
1247 1810 1320 1840 Nec

730 1852 829 1894 parvi
834 1852 973 1895 frutices
990 1855 1072 1886 iram
1089 1867 1236 1887 meruere
1255 1858 1316 1887 To-

736 1900 847 1930 nantis
861 1913 873 1931 :
888 1903 1042 1944 Ingentes
1052 1914 1202 1945 quereus,
1217 1914 1319 1934 anno-

735 1958 789 1977 sas
819 1948 960 1980 ulminat
977 1961 1081 1982 omos.
1098 1953 1216 1983 Seneca
1231 1951 1320 1982 deui-

736 1994 801 2035 que
823 1995 921 2027 verba
942 1998 1053 2030 Nostri
1076 1998 1266 2039 usurpavit,
1282 1999 1319 2029 iu

737 2042 926 2083 Agamemn.
952 2046 1032 2086 93.·
1057 2045 1192 2076 Feriam
1217 2045 1320 2076 celsos

727 2087 882 2130 fulmina
897 2092 1007 2124 colles.

788 2139 822 2177 4,
847 2141 964 2179 Sperat
978 2138 1121 2182 infestis,
1138 2140 1253 2171 metuit
1270 2151 1318 2172 se-

738 2186 852 2218 cundis
867 2187 1017 2216 Alteram
1035 2194 1152 2217 sortem
1168 2198 1180 2217 :
1197 2188 1244 2218 sic
1261 2189 1316 2220 Se-

737 2245 815 2265 neca
825 2235 859 2264 in
866 2233 1052 2274 praefatione
1066 2233 1143 2264 libri
1153 2235 1320 2276 111Quaes-

737 2282 819 2313 tion.
836 2280 974 2313 natural.
985 2291 996 2312 :
1009 2282 1050 2312 In
1059 2281 1207 2314 secundis
1221 2292 1317 2314 nemo
