1456 2508
187 159 249 189 ¹70

185 276 363 291 umsutm
368 277 463 289 mss-t
468 277 484 287 ἱ
488 277 606 288 §mss-vs
610 277 886 290 mmmmm*-
890 278 948 291 m
954 278 1015 301 νη

579 149 620 188 Q.
646 146 830 183 nomm
850 147 1005 185 ruent
1047 188 1050 190 q

1009 230 1092 250 ‘en-t<-

1073 255 1077 262 μ

494 451 608 507 OD
627 452 673 507 E
728 449 1049 510 OCTAVA

600 612 666 656 IN
700 611 982 658 BARINEN.

191 763 362 807 Perfidiam
387 762 523 793 Barines
547 761 592 792 ιἰὰ
615 762 775 804 increpat,
794 771 829 794 ut
848 765 906 794 vel
926 764 1000 805 ipsis
1022 764 1228 807 querimoniis
1241 775 1381 797 amorem

236 827 326 848 suum
344 823 490 852 testetur,
509 823 541 846 et
555 815 648 856 ipsius
661 815 904 857 pulchritudinis
921 817 1031 848 laudes
1045 818 1226 862 arnplficet.
1242 819 1383 860 Elegan-

239 871 390 903 tissimum
409 881 537 901 carmen
551 870 680 912 gallicis
702 870 845 901 versibus
858 870 1003 913 feliciter
1023 873 1163 903 imitatus
1186 880 1232 903 est
1250 875 1287 904 V.
1302 873 1382 904 clar.

241 930 262 959 J
266 951 273 958 .
299 929 334 958 F.
357 928 399 956 La
420 927 538 967 Harpe,
553 935 630 966 quos
653 925 757 966 legere
777 933 823 956 est
843 924 875 955 in
899 937 993 966 opere
1018 927 1070 956 cui
1083 927 1189 958 titulus
1202 938 1214 958 :
1229 927 1330 959 Cours
1344 926 1383 958 de

241 981 419 1012 litterature
435 989 443 1010 :
457 987 479 1011 t.
497 980 534 1009 II
537 1002 546 1016 ,
571 979 632 1010 155
643 1002 652 1016 ,
674 978 906 1010 Decemilliand
921 981 996 1012 edit.
1016 982 1112 1013 1818.

302 1113 410 1148 ULLA
430 1110 461 1147 si
475 1109 571 1160 juris
589 1109 659 1146 tibi
678 1110 836 1160 pejerati

301 1175 413 1208 Poena
436 1179 461 1216 ¹,
483 1170 636 1215 Barine,
655 1171 844 1208 nocuisset
863 1172 1047 1220 unquiim3

300 1233 422 1267 Dente
439 1229 470 1267 si
487 1229 596 1278 nigro
611 1228 718 1266 fieres
727 1258 737 1276 ,
752 1230 811 1266 vel
829 1241 905 1266 uno

561 1288 728 1338 Turpior
742 1289 877 1339 ungui,

303 1347 508 1386 Crederem
524 1354 548 1376 2·
567 1348 639 1386 Sed
662 1356 721 1394 tu,
736 1348 845 1385 simili
865 1347 1038 1397 obligasti

1371 1357 1385 1381 ΒΝ

304 1407 495 1445 Perfidum
511 1407 610 1446 votis
625 1416 755 1459 caput,
772 1407 943 1446 enitescis

259 1553 286 1574 1.
309 1541 382 1572 Ulla
404 1540 437 1573 ,si
459 1541 540 1583 juris
561 1540 618 1570 tibi
637 1540 777 1582 pejerati

212 1593 314 1621 Poena
328 1599 339 1618 .·
353 1589 457 1627 jurare
467 1610 476 1625 ‚
492 1594 539 1618 est
560 1586 657 1618 fidem
679 1586 752 1617 dare
762 1610 770 1625 ,

208 1641 402 1667 sacramento
416 1635 603 1675 interposito
614 1656 623 1672 ,
642 1633 774 1664 testibus

209 1681 398 1713 sinceritatis
419 1691 483 1711 suae
507 1680 584 1718 diis,
602 1687 656 1710 aut
671 1680 751 1709 coelo
762 1703 770 1717 ‚

212 1735 266 1759 aut
278 1726 434 1758 sideribus
445 1727 616 1768 appellatis,
632 1725 724 1756 Unde
739 1727 774 1755 iu

208 1776 361 1817 religione
380 1780 425 1803 est
440 1773 525 1814 apud
549 1783 657 1803 omnes
673 1782 776 1813 popu-

209 1822 258 1852 los
269 1843 278 1859 ,
292 1827 330 1850 ut
347 1821 484 1861 perjuria
498 1821 674 1860 puniantur
687 1818 702 1848 ὲ
718 1828 777 1848 nu-

210 1867 350 1898 minibus
359 1866 524 1896 invocatis.
535 1865 663 1896 Nullam
675 1862 778 1894 adhilc

211 1923 339 1956 poenam
357 1912 570 1954 perjuriorum
589 1913 702 1941 Bariue
726 1921 776 1940 ex·

211 1965 300 2002 perta
323 1966 380 1989 est.
402 1960 458 1988 Jus
475 1957 657 1999 pejeratum
683 1966 782 1998 oppo-

211 2007 301 2036 nitur
331 2005 531 2045 juri-jurato,
560 2010 591 2034 et
625 2002 780 2043 significat

212 2058 442 2083 sacramentum
452 2050 604 2080 violatum
612 2072 620 2086 ‚
632 2050 778 2079 fractum.

211 2100 375 2128 -Dente
405 2096 433 2126 si
461 2096 552 2138 nigro
570 2095 668 2140 fieres
682 2106 693 2125 :
712 2104 779 2124 non

212 2145 401 2182 levissimam
440 2142 543 2173 adhhc
578 2143 612 2172 in
646 2150 779 2182 corpore

214 2190 361 2221 mendam
370 2199 457 2231 passa
476 2196 532 2220 est.
548 2190 651 2229 Quam
665 2188 780 2218 delica-

215 2244 280 2268 tum
291 2238 426 2278 perjurae
440 2236 560 2266 amasiae
570 2235 780 2277 praeconium!

826 1551 866 1570 ne
895 1541 990 1571 unius
1014 1538 1142 1581 quidem
1179 1539 1281 1570 demis
1310 1539 1390 1572 ebur

826 1587 979 1617 violatum
995 1593 1050 1616 est.
1064 1603 1110 1610 ·-
1123 1585 1184 1616 Vel
1193 1596 1255 1617 uno
1272 1585 1393 1627 turpior

826 1632 926 1674 ungui
947 1644 958 1663 :
986 1632 1028 1663 ob
1049 1633 1213 1663 innumera
1233 1634 1387 1674 perjuria,

826 1679 921 1720 digua
933 1678 993 1709 fuit
1007 1689 1078 1720 quae
1089 1679 1222 1710 formam
1235 1686 1267 1715 qt
1284 1679 1386 1710 illece-

826 1725 898 1756 bras
911 1726 1085 1763 amitteret;
1099 1724 1181 1756 illud
1199 1732 1248 1756 est
1263 1726 1391 1756 Barinet

826 1772 1044 1812 privilegium,
1062 1778 1117 1810 ut,
1134 1770 1197 1812 qua
1219 1778 1308 1813 parte
1323 1782 1391 1802 eam

826 1828 956 1859 peccare
977 1817 1106 1848 minime
1129 1816 1311 1856 dedeceret,
1334 1828 1393 1848 un-

827 1864 957 1905 guiculo
976 1864 1134 1902 videlicet,
1149 1864 1280 1895 omnine
1297 1865 1393 1895 intae-

831 1916 862 1940 ta
876 1911 927 1940 sit.

894 1966 924 1986 2.
957 1956 1123 1986 Crederem
1154 1966 1166 1986 :
1195 1957 1291 1998 signis
1327 1956 1390 1987 illis

831 2002 1029 2041 admonitus,
1046 2002 1104 2032 tibi
1123 2001 1300 2041 crederem,
1325 2012 1391 2033 cer-

830 2055 882 2079 tus
909 2056 995 2079 tuam
1018 2047 1200 2090 perfidiam,
1237 2055 1274 2079 ut
1315 2047 1393 2079 mihi

829 2102 936 2125 notam
947 2117 955 2132 ‚
972 2096 1015 2124 sic
1030 2105 1097 2126 non
1110 2095 1299 2136 impunitam
1314 2094 1393 2125 fore.

830 2158 876 2164 ——-
906 2141 1063 2171 Enitescis
1081 2139 1247 2183 pulchrior
1270 2139 1368 2170 mulce
1384 2152 1395 2170 .-

832 2188 992 2218 enitescis!
1025 2198 1085 2229 pro
1113 2186 1212 2218 verbo
1241 2185 1394 2227 simplici,

834 2245 866 2265 es
886 2245 898 2264 :
917 2233 970 2265 sed
989 2233 1084 2276 quim
1110 2232 1212 2264 multi>
1241 2232 1396 2271 vividius,
