1456 2508
578 130 620 168 Q.
643 127 827 161 nomm
851 127 1003 159 FLAccl

1119 0 1131 10 ‘-
1148 0 1456 111 ’”“”-ἭΝΙΡΠἭἾ

1447 130 1456 139 η.

351 190 518 225 Portum.
538 189 674 224 Nonne
693 184 819 231 vides,
838 192 882 221 ut

402 246 558 284 Nudum
579 244 739 294 remigio
757 244 855 280 latus
875 250 902 288 2,
1215 288 1216 291 Ἰ

297 308 344 344 Et
362 306 482 343 malus
498 304 612 341 celeri
629 303 778 341 saucius
800 302 932 340 Africo
1370 311 1383 334 5

300 369 564 414 Antennaeque
580 364 753 413 gemant?
772 375 816 399 ac
835 362 916 400 sine
936 359 1089 400 funibus

349 425 425 463 Vix
444 424 583 461 durare
600 423 736 460 carinae

403 485 550 522 Possint
568 483 809 534 imperiosius

298 547 466 597 AEquor?
485 548 573 583 Non
594 544 666 581 tibi
685 552 773 582 sunt
791 544 938 593 integra
953 542 1069 580 lintea
1085 540 1115 588 ³,

307 610 395 645 Non
413 604 483 652 Di,
502 616 598 654 quos
616 605 754 641 iterum
772 615 902 653 pressa
920 614 1032 640 voces
1047 600 1146 639 malo
1167 615 1175 636 :
1355 615 1384 631 ιο

353 663 535 712 Quamvis
555 664 711 701 Pontica
731 664 842 714 pinus
859 663 889 709 4,

405 726 518 763 Silvae
534 725 610 762 filia
629 723 786 769 nobilis,

299 789 423 823 Jactes
440 794 476 822 et
494 798 610 835 genus
630 792 666 821 et
683 795 822 820 nomen
839 781 984 819 inutile.

299 846 362 885 Nil
378 845 488 896 pictis
508 844 662 882 timidus
681 843 809 881 navita
827 840 1020 894 puppibus

198 992 334 1024 consilio
350 991 549 1022 exclamatio.
573 1007 619 1013 -
634 989 770 1020 Fortiter

199 1050 319 1080 occupa
335 1045 466 1079 portum
479 1048 490 1067 .·
507 1036 628 1067 summai
650 1037 768 1066 virium

197 1086 403 1118 contentione
421 1085 562 1115 annitere
575 1090 611 1113 ut
619 1089 765 1124 portum,

198 1132 231 1163 id
247 1139 294 1162 est
306 1141 416 1172 pacem
432 1138 463 1161 et
477 1129 680 1161 concordiam
699 1129 769 1159 reti-

198 1189 282 1210 neas,

246 1236 278 1257 2.
298 1223 430 1255 Nudum
450 1222 582 1264 remigio
600 1223 706 1257 latus;
730 1221 769 1250 al-

198 1271 349 1314 legoriam
370 1277 491 1308 servat,
509 1276 541 1299 et
562 1280 620 1310 per
641 1278 769 1298 enumc-

198 1319 355 1349 rationem
375 1327 482 1347 rerum
505 1325 577 1356 quae
601 1314 642 1344 ad
661 1315 768 1344 navim

198 1362 418 1396 instruendam
442 1363 623 1393 necessariae
642 1360 690 1391 illi
711 1371 768 1401 per

199 1417 399 1452 tempestates
416 1409 564 1439 detractae
578 1415 670 1445 sunt,
689 1418 768 1437 rem-

198 1457 360 1499 publicam
386 1455 528 1498 designat
553 1454 645 1484 bellis
667 1454 768 1484 civili-

199 1505 259 1535 bus
278 1502 462 1533 exhaustam
487 1507 518 1531 et
539 1502 603 1530 suis
627 1499 769 1530 orbatam

198 1548 363 1592 praesidii&
387 1566 434 1572 —
458 1547 566 1579 Malus
590 1545 687 1577 celeri
700 1556 770 1575 sau-

200 1596 267 1626 cius
282 1595 394 1637 Africo
414 1606 426 1625 .·
447 1600 618 1624 ventorum
642 1594 675 1622 vi
698 1603 771 1622 con-

201 1652 311 1673 cussus
329 1649 361 1672 et
376 1641 519 1672 mutilus.
533 1657 581 1663 --
595 1641 770 1670 Antennae-

201 1699 262 1731 que
284 1695 421 1730 gemant
443 1698 455 1717 :
480 1697 589 1716 nonne
616 1685 708 1715 vides
738 1693 773 1714 ut

197 1742 335 1778 gemant
344 1738 361 1764 .³
376 1735 451 1766 Non
464 1733 613 1763 videntur
626 1733 770 1772 gemitus,

202 1782 307 1822 inquit
322 1779 463 1818 Sanado;
482 1778 567 1809 unde
585 1779 771 1819 interpunc-

202 1829 322 1858 tionem
334 1833 455 1857 mutare
471 1826 598 1863 maluit,
617 1826 672 1865 qui
687 1835 772 1854 seve-

201 1875 318 1905 riorem
334 1874 414 1903 sein
426 1871 460 1903 ea
477 1883 510 1902 re
526 1878 557 1902 et
570 1872 698 1912 poetico
712 1881 771 1900 ser-

203 1921 292 1951 moni
305 1930 373 1950 non
385 1919 458 1949 satis
470 1917 686 1959 indulgentem
696 1927 772 1958 prae-

203 1967 292 1998 stitit.
314 1983 360 1989 —-
384 1959 599 2006 Sineficnibtis
615 1974 626 1992 .·
642 1963 691 1993 vel
705 1963 771 1992 sine

203 2013 337 2044 funibus
374 2012 602 2051 cujuscumque
631 2010 771 2051 generis,

203 2059 256 2089 vel
281 2056 406 2100 potius,
433 2057 500 2087 sine
524 2057 580 2087 illo
609 2056 773 2097 praecipuo

203 2105 281 2136 fune
297 2106 352 2145 qui
367 2103 536 2134 anchoram
549 2102 671 2144 alligat,
683 2109 719 2131 ut
733 2112 774 2131 ex

203 2161 273 2192 sqq.
293 2151 337 2181 fas
352 2157 399 2181 est
418 2149 619 2181 concludere.
644 2166 690 2171 -
709 2147 772 2177 Vix

205 2197 321 2227 durare
339 2207 350 2227 .·
371 2198 428 2228 vix
450 2195 606 2238 perferre,
622 2195 773 2232 tolerare,

206 2243 318 2276 eodem
338 2253 433 2275 sensu
455 2253 520 2284 quo
543 2242 634 2284 varg.
651 2240 774 2272 AEneid.

820 988 919 1025 VIII,
945 987 964 1017 5
969 997 984 1025 7
992 997 1007 1026 7
1013 1008 1022 1024 ,
1041 986 1156 1026 patiar
1175 985 1315 1026 quemvis
1335 987 1389 1016 du-

821 1044 892 1063 rare
918 1033 1070 1064 laborem.
1096 1049 1142 1055 —
1165 1031 1383 1073 Imperiosius,

822 1081 913 1118 cujus
925 1080 1076 1120 imperio,
1091 1085 1145 1109 aut
1159 1077 1267 1120 potius
1285 1085 1389 1120 tyran-

821 1125 889 1156 nidi
908 1127 996 1156 navis
1009 1126 1112 1156 lacera
1123 1125 1227 1166 impar
1241 1131 1298 1156 est.

870 1174 900 1203 3.
926 1174 1058 1214 Integra
1088 1170 1208 1208 lintea,
1238 1170 1316 1202 vela.
1342 1187 1389 1195 ——-

822 1220 897 1249 Non
928 1215 994 1255 Di';
1021 1225 1059 1248 nt
1088 1218 1172 1248 enim
1198 1218 1250 1247 sui
1273 1218 1388 1258 cuique

822 1267 896 1295 navi
922 1262 967 1295 dii
995 1264 1158 1302 tutelares,
1186 1263 1230 1293 sic
1259 1264 1389 1304 quoque

821 1322 895 1342 suos
905 1311 1046 1353 agnoscit
1055 1309 1233 1352 respublica
1240 1332 1249 1347 ,
1263 1310 1284 1341 J
1286 1319 1389 1348 ovem,

820 1360 968 1396 Martem,
975 1357 1148 1389 Romulum
1155 1378 1165 1394 ,
1176 1357 1317 1394 Vestam,
1327 1362 1387 1387 etc.

821 1406 920 1436 Porro
947 1404 991 1434 dii
1017 1403 1067 1434 illi
1095 1403 1226 1435 tutelam
1254 1402 1390 1433 civitatis

822 1457 990 1492 respuent,
1011 1459 1082 1490 quae
1098 1456 1147 1480 tot
1165 1449 1319 1479 acrtantis
1339 1449 1389 1478 in-

823 1498 972 1527 fortuniis
999 1494 1117 1526 frustra
1148 1495 1321 1532 admonita,
1355 1496 1390 1525 in

823 1553 925 1574 novos
939 1542 1098 1572 bellorum
1113 1541 1255 1572 civilium
1268 1541 1390 1572 furores

824 1597 973 1630 eruptura
991 1589 1040 1618 sit.

872 1642 903 1672 4.
935 1634 1085 1675 Quamvis
1111 1633 1245 1664 Pontica
1267 1632 1389 1674 pinus;

824 1683 1031 1712 continuatur
1056 1680 1215 1722 allegoria.
1240 1681 1343 1711 Naves
1373 1680 1390 1710 ἐ·

823 1729 930 1770 ligno,
955 1726 1042 1768 quod
1067 1727 1103 1757 in
1132 1725 1267 1768 pinifer&
1296 1727 1391 1757 Ponti

823 1776 952 1816 regione
965 1780 1077 1804 natum
1090 1779 1174 1811 erat,
1193 1771 1344 1803 confeciae
1356 1773 1391 1802 in

824 1822 952 1862 optimis
961 1819 1227 1859 nobilissimisque
1234 1817 1391 1848 habeban-

824 1875 885 1898 tur.
903 1866 990 1908 Quid
1003 1872 1109 1896 autem
1122 1864 1224 1896 Roma
1237 1864 1389 1902 nobilius,

824 1925 895 1954 quae
913 1912 930 1942 a
953 1914 1073 1950 Marte,
1095 1918 1128 1942 et
1149 1922 1206 1953 per
1221 1912 1357 1942 Martem
1371 1910 1389 1941 a

823 1962 906 1991 Jove
928 1960 1085 1999 originem
1101 1957 1211 1988 ducit?
1231 1974 1278 1981 —
1297 1956 1389 1987 Silvoe

813 2006 892 2049 filia
911 2004 1022 2036 nobilis
1032 2016 1045 2041 ,-
1061 2003 1177 2035 nobilis
1194 2005 1231 2034 in
1248 2003 1388 2044 genitivo

826 2062 910 2083 casu.
927 2050 1047 2081 ——Nil
1061 2049 1157 2092 pictis
1180 2048 1307 2080 timidus
1331 2059 1389 2079 na-

826 2099 888 2129 vita
900 2097 1059 2139 puppibus
1071 2095 1164 2128 Fidit.
1175 2094 1292 2127 «Navis
1303 2094 1389 2125 bona

826 2145 941 2176 dicitur
960 2154 1025 2174 non
1048 2154 1120 2184 quae
1139 2141 1287 2184 pretiosis
1306 2141 1389 2172 colo-

826 2192 910 2222 ribus
917 2190 1008 2232 picta
1023 2197 1084 2228 est,
1105 2200 1164 2220 nec
1182 2187 1271 2230 cujus
1291 2187 1391 2218 tutela

827 2238 918 2271 ebore
931 2237 1066 2275 coelaea,
1086 2235 1145 2268 scd
1156 2233 1276 2268 stabilis
1293 2241 1324 2266 ee
1336 2233 1390 2272 fir-
