1456 2508
498 91 576 122 LIB.
602 90 653 121 111
675 90 765 123 ODE
787 90 865 122 vn,

1219 88 1286 130 259

181 149 343 199 Gygen?
360 147 429 187 me
444 147 556 187 Notis
573 157 680 186 actus
697 147 747 186 ad
766 147 928 190 Oricum
946 155 960 170 ³
1276 156 1290 179 ⁵

181 211 272 248 Post
284 208 420 249 insana
437 211 572 261 Caprae
586 209 732 256 sidera,
758 207 916 260 frigidas

233 272 376 308 Noctes
395 282 473 307 non
491 270 573 308 sine
592 269 721 308 multis

286 331 476 382 Insomnis
494 330 660 368 lacrimis
678 330 769 380 agit.

182 390 301 441 Atqui
318 389 346 437 3,
366 391 538 429 sollicitae
555 390 713 428 nuntius
730 390 894 441 hospitae
905 418 915 437 ‚

183 452 387 502 Suspirare
406 451 551 490 Chloen
563 481 574 499 ,
594 460 632 490 et
651 452 831 490 miseram
850 451 925 490 tuis
1261 467 1291 482 τυ

237 513 378 551 Dicens
396 513 549 564 ignibus
569 514 650 560 uri,

289 578 428 613 Tentat
442 575 545 613 mille
562 575 670 613 vafer
689 574 825 612 modis.

184 638 239 674 Ut
258 637 428 674 Proetum
448 636 586 674 mulier
605 635 752 687 perfida
769 636 783 664 4
801 634 1002 673 credulum

185 697 302 736 Falsis
318 697 514 748 impulerit
534 696 780 744 criminibus,
803 695 916 735 nimis

237 759 350 795 Casto
370 757 656 808 Bellerophonti

1261 766 1294 790 15

290 821 489 857 Maturare
506 832 654 868 necem,
674 819 804 857 refert.

80 952 212 995 antiqua
237 957 270 984 et
288 950 404 984 usitati
425 951 527 985 forma
539 977 547 993 ,
565 960 602 985 ut
623 955 658 985 in

81 1000 178 1034 Ovid.
193 1011 202 1033 :
223 998 335 1031 Pn‘ma
339 999 412 1044 fide
426 1001 583 1042 vocisque
606 1013 659 1032 ra-

82 1056 126 1080 tae
147 1047 330 1079 tentamina
350 1048 499 1089 sumpsit,
525 1050 657 1080 Metam.

83 1097 133 1127 111
144 1117 153 1134 ‚
168 1095 246 1132 341,
262 1101 299 1125 nt
312 1095 347 1125 in
359 1094 416 1125 illo
429 1097 519 1138 Virg.
538 1096 658 1138 Georg.

81 1145 114 1180 Ι,
152 1142 218 1173 208
242 1151 251 1174 :
280 1141 378 1171 Libra
407 1141 461 1173 die
491 1143 661 1184 somnique

78 1201 176 1234 pares
190 1187 244 1221 ubi
253 1187 377 1232 jecerit
387 1187 495 1221 horas.

131 1247 163 1269 α.
183 1236 280 1268 Notis
309 1242 400 1266 actus
429 1236 477 1266 ad
504 1236 632 1268 Oricum
648 1248 660 1267 .·

80 1289 282 1327 Tempestate
310 1289 440 1314 coactus
461 1282 502 1313 ad
526 1285 660 1315 Oricum

81 1332 257 1376 appellere,
277 1330 393 1362 urbem
429 1331 537 1372 Epiri,
562 1338 661 1372 portu

81 1381 271 1411 instructam
281 1400 291 1416 ,
302 1377 400 1408 hodie
411 1399 419 1414 ‚
433 1379 577 1409 Orso.-—
586 1380 664 1409 Post

83 1427 202 1458 insana
218 1425 332 1466 Caproe
347 1423 454 1454 sidera
469 1435 481 1454 :
498 1425 600 1466 Capra
616 1432 663 1455 est

82 1474 170 1507 sidus
185 1474 222 1503 in
234 1472 364 1503 sinistro
380 1470 514 1513 Aurigoe
526 1471 662 1503 humero

82 1522 224 1563 positum
234 1542 243 1558 ‚
257 1519 349 1558 cujus
362 1524 453 1548 ortus
466 1518 518 1549 vel
530 1529 662 1550 occasus

82 1573 284 1610 tempestates
301 1565 501 1607 gravissimas
520 1567 661 1597 excitare

83 1614 293 1652 credebatur3
310 1623 370 1643 nec
394 1612 533 1650 mirum3
556 1615 662 1644 oritur

83 1662 169 1693 euim
184 1663 255 1704 ipso
277 1659 426 1691 autumni
445 1661 660 1700 aequinocti03

83 1709 206 1740 occidit
219 1708 393 1748 incipiente
406 1707 427 1736 J
429 1708 562 1739 aunario
572 1730 581 1746 ,
594 1718 661 1749 quo

83 1763 224 1798 utroque
241 1761 401 1796 tempore,
419 1755 508 1783 venti
534 1762 567 1785 et
588 1765 662 1795 pro·

83 1803 172 1834 cellae
202 1799 478 1833 vehementissime
512 1803 659 1832 saeviuut.

85 1851 148 1882 Hic
170 1849 210 1880 de
229 1858 345 1880 occasu
363 1848 412 1888 agi
428 1848 607 1890 intelligere
625 1849 662 1879 in

83 1902 301 1939 promptuest‚
313 1892 386 1925 ciim
397 1895 567 1926 instantem
577 1897 662 1926 veris

90 1943 230 1976 reditum
243 1942 341 1974 modo
354 1948 439 1972 vates
452 1943 659 1975 nnntIaverit.

87 2009 134 2016 —-
143 1990 291 2034 Frigidus
304 1997 413 2020 noctes
423 2000 433 2019 :
452 1989 579 2028 viduas,
590 1990 662 2020 tris-

85 2046 132 2070 tes
144 2038 276 2070 absente
282 2039 344 2069 tori
353 2038 450 2076 socia,
459 2036 521 2078 qna
528 2047 662 2078 praeseu-

84 2093 116 2118 ιε
130 2085 276 2126 iucunde
290 2085 529 2116 incalescerent.
543 2085 662 2116 Omnia

85 2132 125 2164 ad
143 2132 320 2164 testandam
335 2133 438 2175 Gygis
451 2132 663 2165 constantiam

84 2182 204 2212 mirum
216 2181 252 2212 iu
259 2179 392 2214 modum
402 2178 641 2211 accommodata
650 2188 660 2216 ;

83 2229 132 2260 illi
149 2239 214 2261 suae
237 2227 377 2268 Asteries
400 2226 594 2259 desiderium
612 2225 661 2256 la-

711 954 845 991 crimas,
864 960 896 984 et
912 953 1043 996 quidem
1057 954 1176 985 multas
1192 961 1293 986 noctu

713 1002 819 1041 elicit,
835 1012 988 1032 somnum
1003 1001 1103 1044 fugat.

763 1050 794 1079 3.
806 1048 928 1090 Atqui:
942 1059 1046 1079 nexus
1061 1048 1246 1087 seutentiae;
1263 1055 1294 1079 et

714 1095 831 1134 tamen,
842 1097 869 1126 si
878 1095 939 1126 tibi
948 1106 1016 1126 non
1024 1095 1103 1127 adeo
1110 1095 1296 1127 constanter

716 1142 910 1181 adhaereret,
926 1143 1080 1184 reperiret
1095 1144 1184 1175 Orici
1208 1141 1296 1173 unde

715 1190 847 1220 thalami
869 1189 1093 1228 solitudinem,
1118 1189 1295 1221 tristitiam-

715 1247 778 1278 que
791 1247 880 1267 suam
892 1237 1063 1268 solaretur.
1078 1253 1125 1262 —-
1139 1236 1296 1268 Sollicita»

715 1283 849 1325 hospitae
861 1294 873 1313 .·
893 1283 1010 1315 Chloes
1029 1284 1065 1314 in
1089 1285 1182 1324 cujus
1198 1283 1297 1315 domo

716 1331 825 1373 Gyges
857 1330 1030 1361 diverterat
1041 1353 1049 1369 ‚
1067 1341 1141 1372 quoe
1157 1330 1297 1362 sollicito

717 1389 830 1408 amore
856 1377 968 1419 plena,
984 1379 1136 1417 juvenem
1158 1379 1195 1409 in
1221 1388 1297 1409 snos

716 1425 848 1466 laqueos
866 1424 1025 1455 adducere
1045 1435 1104 1467 per
1125 1424 1292 1463 nuncium,

716 1483 774 1513 per
791 1472 942 1502 lenonem
958 1477 1070 1503 tentat.
1085 1488 1133 1496 ——-
1144 1471 1296 1503 Miseram

717 1519 778 1549 tuis
788 1518 909 1549 Dicens
925 1518 1052 1561 ignibus
1071 1518 1140 1549 uri:
1157 1529 1296 1550 asserens

716 1567 833 1607 Gygen
842 1564 858 1596 a
871 1563 990 1596 miserti
999 1565 1100 1598 Chloe
1109 1576 1180 1598 non
1189 1564 1298 1598 miuus

715 1612 840 1654 perdite
864 1611 961 1654 quam
977 1611 995 1643 a
1012 1620 1042 1643 te
1060 1613 1128 1654 ipsa
1138 1613 1297 1651 adamari3

715 1661 806 1701 ignes
835 1659 951 1691 Chloes
977 1661 1147 1691 amatorios
1173 1661 1237 1691 tuis
1251 1661 1294 1702 ig-

714 1707 813 1738 nibus
827 1708 1036 1748 aequiparans.

764 1760 795 1791 4.
810 1753 1065 1798 Illulierperfida
1075 1765 1086 1785 .·
1098 1760 1207 1785 narrat
1216 1766 1297 1786 nun·

715 1802 779 1831 tius
793 1800 864 1839 ille,
883 1808 920 1832 ut
936 1803 1040 1832 Antea
1052 1824 1061 1840 ‚
1081 1802 1176 1833 Praeu·
1193 1812 1295 1839 uxor,

715 1846 778 1890 (ab
793 1848 862 1878 aliis
887 1849 1054 1880 Stenobaea
1073 1848 1215 1889 dicitur)
1226 1859 1296 1879 cas-

715 1903 780 1926 tum
794 1895 1077 1937 Bellerophontem
1096 1895 1184 1937 apud
1202 1898 1296 1926 mari-

715 1949 786 1980 tum
801 1944 1018 1982 accusaverit,
1037 1942 1125 1984 qnod
1143 1942 1206 1973 sibi
1228 1945 1294 1974 vim

715 1989 833 2020 inferre
854 1990 1005 2022 voluerit.
1031 1990 1121 2021 Idem
1146 1997 1295 2020 narratur

715 2036 754 2067 de
770 2035 902 2068 Phaedra
912 2060 921 2075 ‚
938 2037 1054 2068 Thesei
1070 2047 1191 2075 uxore;
1207 2036 1292 2068 idem

716 2094 846 2125 quoque
885 2083 924 2114 ‹le
951 2082 1131 2126 Hippolyta
1141 2106 1150 2122 ‚
1182 2084 1293 2114 Acasti

715 2130 885 2162 Thessaliae
915 2131 998 2172 regis
1028 2132 1165 2173 conjuge
1175 2153 1184 2170 ,
1219 2142 1292 2173 quae

713 2178 844 2209 Peleum
853 2200 862 2216 ‚
873 2177 1010 2209 Achillis
1022 2185 1145 2221 patrem
1155 2201 1164 2216 ,
1178 2177 1291 2209 iisdem

714 2225 903 2258 criminibus
923 2236 1068 2267 premere
1093 2232 1124 2257 et
1146 2235 1290 2267 pessum-
