1456 2508
566 137 646 170 ΠΒ.
671 139 686 169 1
711 138 800 171 ODE
823 136 883 170 IV.
1296 138 1336 176 139

251 209 338 259 Jatn
360 215 398 246 te
415 214 566 258 premet
585 219 684 254 nox,
705 205 924 258 fabulaeque
940 207 1076 243 Manes
1100 205 1142 253 ¹⁴,

119 262 167 308 Et
186 268 324 313 domus
343 269 453 308 exilis
473 269 652 309 Plutonia
670 284 679 307 :
698 267 777 319 qub
799 268 911 307 simul
929 268 1088 315 mearis,

251 334 333 370 Nec
350 345 468 384 regna
485 331 568 370 vini
589 330 618 356 ¹⁵
637 330 802 370 sortiere
823 330 928 378 talis,

117 395 199 432 Nec
219 402 395 433 tenerum
411 393 585 445 Lycidan
602 392 797 431 mirabere
819 392 861 440 ¹⁶,
878 405 957 444 quo
977 392 1076 430 calet
1090 391 1273 443 juventus

250 457 363 494 Nunc
383 455 527 503 omnis,
544 463 583 494 et
603 465 695 493 mox
713 454 884 505 virgines
903 453 1102 505 tepebunt.
1304 469 1337 486 20

119 605 170 638 ta,
198 605 334 641 propter
361 599 553 630 brevitatem
587 609 698 637 suam,

96 644 99 649 ¹
118 655 187 677 non
205 645 345 678 sufficiat
369 655 378 678 τ
407 645 538 687 Quietez
566 646 598 676 Ie
622 647 702 689 long

118 693 225 734 espoir
240 701 274 724 et
284 694 332 725 Ies
349 700 465 724 vastes
473 693 625 735 pense'es.
642 696 699 725 La-

66 743 68 745 ’
118 739 273 773 fontaine.

169 793 222 824 14.
243 787 441 830 Fabuloeque
464 788 584 818 Manes
601 799 612 819 :
631 799 699 819 non

117 834 256 866 fabulosi
270 859 278 874 ‚
298 836 532 874 commentitii,
547 842 586 866 ut
615 846 699 867 non-

117 881 216 914 nullis
239 883 386 925 placuit:
405 883 469 914 sibi
493 883 578 914 enim
604 890 701 926 poeta

119 930 372 970 contradiceret,
389 929 470 962 dnm
495 933 607 963 asserit
629 933 700 964 Ses-

118 978 201 1009 tium
225 989 305 1010 mox
330 978 348 1010 ἐι
371 978 527 1011 Manibus
550 990 700 1021 premen-

118 1023 207 1058 dum.
225 1027 310 1069 Ergb
325 1027 444 1058 Manes
462 1033 539 1057 sunt
557 1026 700 1068 aliquid,

118 1073 230 1105 reverit
240 1075 384 1105 existunt
391 1098 400 1113 ‚
410 1073 558 1106 habitant
567 1074 703 1105 domum

120 1119 305 1152 platoniam
318 1145 328 1161 ,
358 1121 481 1152 exilem
511 1121 632 1153 dictam
662 1122 703 1153 ab

117 1166 335 1206 habitantium
370 1170 562 1200 umbrarum
593 1171 700 1201 tenui-

119 1221 196 1254 τεῖος
227 1215 296 1256 hic,
324 1227 384 1259 per
412 1227 528 1249 vocem
547 1216 697 1259 fabuloe,

117 1263 262 1306 intellige
279 1265 393 1296 Manes
413 1262 454 1296 de
479 1265 600 1307 quibus
618 1266 700 1296 mul-

117 1316 170 1342 tus
183 1321 290 1343 sermo
302 1312 389 1343 inter
402 1313 506 1344 vivos.

165 1358 221 1391 15.
240 1359 312 1391 Nec
327 1370 430 1404 regna
443 1359 522 1392 vini
534 1371 546 1391 .-
558 1361 595 1391 in
618 1371 697 1392 con-

115 1405 211 1438 v1viis
237 1406 434 1450 eligebatur,
456 1414 542 1440 sorte
565 1408 695 1448 judice,

114 1453 254 1486 talorum
263 1455 316 1486 vel
325 1462 515 1487 tesserarum
525 1457 614 1496 jactu
624 1455 697 1498 (des

115 1501 245 1534 osselees
262 1513 307 1534 ou
326 1503 383 1534 des
405 1503 483 1546 de's)
510 1515 610 1535 coenae
636 1515 695 1535 rex

754 605 787 629 et
813 597 951 629 bibendi
978 598 1146 639 magister,
1176 597 1229 626 cui
1253 596 1337 638 leges

755 647 967 677 constituenti
991 656 1102 687 parere
1133 644 1218 675 inter
1244 651 1339 675 caete—

754 704 808 725 ros
824 694 978 724 convivas
995 698 1203 724 convenerat.

807 741 859 773 16.
881 740 1039 781 Lycidam
1058 739 1234 776 mirabere,
1255 750 1336 781 pue-

755 799 827 819 rum
844 787 1092 830 pulchritudine
1105 788 1276 829 insignem.
1291 805 1339 811 -—-

757 836 828 877 Quo
845 836 934 867 calet
940 835 1094 878 juventus
1107 845 1194 865 nunc
1210 834 1316 865 omnis
1327 846 1338 864 .·

755 885 848 923 cujus
878 894 986 915 amore
1014 884 1148 923 juvenes
1173 893 1263 913 nunc
1292 893 1340 913 ar-

755 931 846 964 dent.
863 949 910 956 —-
929 933 974 962 Ec
993 942 1072 961 mox
1089 930 1235 973 ‘virgines
1250 937 1338 971 tepe-

756 979 858 1017 bnm;
885 986 962 1010 nota
990 979 1133 1010 duorum
1163 978 1340 1009 verborum

756 1027 883 1064 calent,
897 1026 1065 1068 tepebunt,
1082 1024 1342 1057 delicatissimam

757 1076 1035 1118 temperationem.
1049 1073 1138 1105 Diun
1150 1074 1287 1113 juvenes
1301 1073 1343 1104 es-

756 1122 879 1154 frenate
894 1124 931 1153 in
953 1122 1106 1165 indignos
1123 1122 1342 1163 turpissimos-

758 1181 820 1212 que
847 1181 972 1202 amores
986 1176 1228 1213 prorumpunt,
1250 1169 1341 1200 licito

755 1220 875 1257 amori,
895 1229 965 1249 non
981 1219 1050 1249 sine
1064 1217 1206 1260 pudore,
1227 1224 1259 1247 et
1274 1227 1340 1247 ser-

754 1264 827 1297 vatzi
852 1263 949 1297 sexus
972 1266 1024 1297 sui
1047 1263 1262 1303 verecundia,
1282 1266 1340 1295 vix

754 1323 792 1344 ac
817 1324 858 1344 ne
887 1315 944 1344 vix
971 1312 1103 1355 quidem
1127 1313 1268 1355 viqines
1289 1313 1340 1343 in-

752 1360 898 1404 dulgent.
937 1363 1061 1403 Tepent
1100 1359 1338 1392 tantummodi).

750 1410 915 1447 Juvenes,
953 1406 993 1440 In
1016 1408 1131 1452 sterias
1164 1408 1338 1452 ignemque

750 1465 855 1489 munt.
880 1459 973 1501 Virg.
1001 1458 1152 1499 Georgic.
1178 1456 1236 1487 lib.
1267 1457 1336 1495 ΙΙΙ,

749 1516 797 1536 vs.
819 1510 899 1541 244.
