1456 2508
486 131 568 167 Lm.
593 132 611 165 1
633 128 722 166 oDE
744 129 839 167 xlv.
1223 138 1264 167 7¹

21 308 23 310 .
49 294 355 310 “fimmm
358 295 543 308 mmm

794 291 912 306 mm
918 289 1265 304 mmmm

200 432 368 490 ODE
414 426 755 507 QUARTA
797 424 1116 487 DECIMA

370 596 456 641 AD
489 594 957 640 REMPUBLICAM.

100 739 202 774 Navis
215 739 348 773 nomine
363 738 608 782 Rempublicam
623 738 821 783 significari,
842 739 990 781 odenque
1005 745 1109 771 totam
1128 749 1195 770 esse
1207 750 1274 771 me-

53 809 125 830 ram
148 797 342 842 allegoriam
369 804 497 827 constat
519 807 563 827 ex
591 793 809 837 Quinctiliani
831 793 1023 825 auctoritate
1036 793 1196 837 (institut.
1219 795 1276 826 Or.

53 854 138 891 Vll,
169 852 213 896 6)
233 852 326 895 apud
346 862 442 894 quem
465 852 573 894 legere
596 857 666 881 est:
685 851 761 881 «Ac
783 849 995 892 allegoriam.
1018 857 1103 882 totus
1126 849 1183 880 ille
1206 850 1295 881 He·-v

52 922 70 935 a·
85 906 164 939 ratii
177 907 283 945 locus,
303 918 367 950 quo
390 906 500 938 navim
518 917 582 948 pro
608 902 792 947 republica,
800 905 964 949 fluctuum
987 912 1194 947 tempestates
1212 915 1276 947 pro

53 978 70 991 κ
85 962 178 995 bellis
198 962 360 1000 civilibus,
376 969 510 1004 portum
522 971 584 1003 pro
596 971 684 1002 pace
708 967 808 1002 atque
829 957 1007 991 concordia
1022 959 1110 992 dicit.
1121 975 1138 987 υ
1155 959 1277 1002 Quinc-

53 1018 170 1051 tiliano
183 1019 408 1051 contradicere
422 1017 498 1048 ausi
509 1024 586 1048 sunt
593 1015 786 1048 recentiores
797 1015 931 1047 Horatii
942 1015 1074 1058 interpr.
1085 1039 1094 1053 ,
1113 1017 1275 1053 Muretus,

53 1074 223 1119 Lefiaebvre,
247 1074 386 1112 Dacier,
410 1082 443 1105 et
459 1073 609 1111 Benaci,
628 1083 762 1104 carmen
789 1071 850 1103 lzoc
868 1072 952 1113 pure
972 1079 1006 1103 et
1020 1071 1213 1115 simpliciter
1230 1071 1278 1104 in-

54 1131 264 1174 terpretando
278 1131 320 1163 de
333 1130 413 1162 navi
423 1127 491 1172 qud
503 1128 627 1161 Horat.
644 1129 666 1160 ὰ
689 1127 845 1170 Philippis
860 1128 894 1159 in
907 1128 1039 1159 Italiam
1056 1135 1196 1160 revectus
1202 1127 1280 1171 fite-

53 1194 126 1226 rat,
142 1197 282 1230 quoeque
307 1185 431 1217 amicos
451 1196 524 1216 suos
549 1185 598 1215 ad
620 1186 711 1216 Sext.
732 1183 925 1226 Pompeium
943 1183 1061 1214 bellum
1079 1182 1170 1214 civile
1185 1193 1280 1225 repa-

56 1248 185 1273 rantem
207 1240 321 1272 iterum
344 1239 523 1271 revehebat.
541 1239 607 1281 Qui
621 1239 722 1270 multi)
733 1239 895 1280 potiorem
918 1237 1135 1280 Quinctiliani
1151 1246 1279 1270 senten-

57 1296 138 1329 tiam
159 1303 354 1339 sequuntur,
373 1297 415 1327 de
437 1295 572 1338 speciali
592 1293 746 1326 carminis
775 1294 898 1337 objecto
920 1305 986 1325 non
1008 1294 1224 1327 consentiunt.
1245 1294 1284 1326 Si

58 1352 225 1385 nonnullis
235 1351 344 1397 fides,
362 1351 403 1383 de
427 1350 504 1382 ortis
522 1350 606 1382 inter
619 1350 799 1381 Antonium
824 1357 857 1380 et
879 1348 1095 1381 Octavianum
1110 1349 1281 1382 dissencio·

58 1408 150 1440 nibus
159 1406 213 1440 Ιιὶσ
227 1407 358 1452 agitur,
377 1406 490 1449 quibus
503 1403 554 1438 Jes
570 1408 723 1437 Romana
737 1405 870 1447 penitus
883 1404 1082 1449 labefactari
1095 1413 1281 1448 etpessum-

58 1462 134 1495 dari
143 1470 285 1506 poterat.
305 1465 348 1494 Ut
359 1461 420 1493 alii
437 1462 629 1504 opinantur,
648 1460 735 1492 iuter
750 1472 831 1503 quos
842 1459 1027 1503 praecipuus
1046 1462 1200 1500 Sanado,
1219 1473 1283 1505 quo

59 1525 200 1562 tempore
223 1519 265 1550 de
280 1518 470 1560 principatu
493 1516 688 1559 deponendo
718 1515 922 1547 deliberabat
952 1517 1136 1560 Augustus,
1164 1517 1282 1549 Horat.

59 1573 148 1607 vens
161 1573 300 1618 Augusti
315 1572 461 1605 consiliis
481 1580 514 1604 et
530 1572 674 1603 sensibus
692 1571 845 1602 adulatus
857 1595 867 1609 ,
885 1582 958 1602 eum
971 1582 1036 1613 per
1049 1571 1284 1604 translucidum

60 1629 253 1674 allegoriam
274 1628 465 1661 dehortatur
489 1639 531 1659 ne
554 1628 683 1670 imperii
707 1635 827 1659 statum
853 1627 887 1658 in
913 1638 997 1658 nova
1023 1627 1180 1659 bellorum
1196 1628 1286 1671 peri-

61 1684 139 1717 cula
164 1683 372 1717 abdicatione
395 1694 456 1714 sua
475 1683 595 1715 mittat.
618 1682 756 1714 Plurimi
777 1682 826 1713 ad
843 1685 1000 1722 Brutum,
1010 1691 1089 1724 post
1103 1683 1194 1725 prius
1207 1683 1286 1715 Phi-

61 1740 208 1784 11’ppense
222 1740 395 1783 praelium,
411 1740 460 1771 ad
478 1750 574 1771 arma
593 1740 699 1770 rursus
721 1747 900 1770 currentem
920 1739 1067 1770 alludere
1083 1741 1199 1772 Horat.
1219 1751 1286 1771 cre-

61 1795 154 1829 dunt.
170 1797 241 1828 Nec
255 1795 360 1839 deficit
375 1807 474 1834 unus,
496 1798 563 1827 Jos.
583 1794 750 1826 Dulzamel
758 1819 767 1833 ‚
788 1795 846 1837 qui
854 1801 950 1836 putet
964 1794 1136 1826 Horatium
1155 1803 1286 1837 patrem

62 1848 127 1883 Ῐιᾶσ
134 1848 412 1895 allegoridfilium
421 1861 514 1882 suum
527 1851 576 1882 ad
582 1849 780 1882 deserendas
794 1849 889 1881 Bruti
894 1857 1013 1891 patres
1026 1849 1172 1882 invitare.
1188 1849 1287 1892 Quid-

64 1905 146 1948 quid
156 1905 216 1944 sit,
231 1905 442 1949 allegoricum
463 1917 530 1938 esse
544 1916 667 1948 poema
686 1905 783 1936 lzodie
799 1916 866 1936 non
888 1903 1068 1943 dubitatur,
1088 1913 1121 1937 et
1135 1916 1173 1936 eo
1193 1915 1288 1936 sensu

65 1959 152 1992 illud
162 1959 453 2003 interpretabimur.

173 2069 209 2107 Ο
227 2069 350 2106 Nms
369 2071 399 2106 ¹!
418 2068 587 2106 referent
606 2068 645 2106 in
665 2080 770 2106 mare
791 2075 828 2105 te
844 2067 938 2105 novi

174 2128 351 2167 Fluctus!
373 2130 429 2167 0!
451 2129 546 2180 quid
566 2130 669 2180 agis?
688 2129 842 2166 sortiter
862 2140 1011 2180 occupa

73 2288 83 2293 ,
123 2268 153 2289 1.
185 2258 215 2288 Ο
230 2255 333 2288 Navis
342 2259 356 2287 ‚¹
380 2257 589 2300 Respublica.
602 2275 651 2282 —
705 2258 922 2300 procellosum
937 2258 1121 2289 lacessitum
1133 2268 1175 2290 es.
1186 2275 1234 2282 —
1246 2259 1291 2288 O!

35 2315 48 2328 ⁵
73 2304 224 2348 Referent
242 2303 277 2335 in
294 2315 384 2335 mare
399 2315 411 2335 :
430 2302 542 2336 rursils
565 2316 653 2337 maro
707 2305 790 2348 quid
806 2305 906 2349 agis?
921 2306 1095 2348 Repetitur
1121 2316 1195 2337 cum
1211 2306 1243 2337 vi
1259 2312 1292 2337 et
