1456 2508
200 121 265 152 252
574 122 615 161 Q.
640 120 823 152 HORATII
845 120 994 153 FLACCI

199 258 731 271 mmnzanA-*xmww-§m
971 258 1384 271 mmm-»mmm

520 418 702 474 ODE
769 415 1054 475 SEXTA

575 570 658 614 AD
690 571 1000 618 ROMANOS.

197 747 363 789 Corruptos
377 746 481 778 oetaeis
493 756 558 777 511ae
581 756 683 776 mores
706 745 892 783 insectatur,
913 745 1058 788 antiquos
1080 746 1196 777 laudae
1213 745 1376 779 Horatius.

239 800 378 844 Augusti
395 800 522 843 quidem
547 799 580 830 in
606 807 672 830 toto
696 798 755 830 lzoc
777 799 919 831 carmine
946 800 1037 830 nulla
1050 799 1149 841 facta
1170 808 1219 831 ese
1234 799 1375 837 mentitu

239 855 298 886 sed
312 855 382 886 cum
399 854 481 885 illud
496 864 534 884 eo
553 853 620 895 ipso
638 860 777 895 tempore
802 853 949 895 scriptum
963 865 1029 884 esse
1041 853 1210 890 videatur,
1230 864 1294 895 quo
1307 855 1375 884 Au-

234 917 344 953 gustus
357 909 405 940 ad
412 909 541 940 deonem
554 909 671 940 cultum
680 932 689 946 ‚
705 908 760 950 qui
771 909 836 939 tiam
840 908 987 950 frigebat
991 931 1002 946 ,
1020 908 1053 939 in
1067 908 1178 940 civium
1193 907 1311 939 animis
1324 918 1374 938 m

228 963 404 1005 fovendum
413 986 423 1000 ,
441 962 522 994 aedes
536 972 653 1000 sacras,
672 969 708 993 ue
720 962 826 993 scribit
842 963 970 993 Sueton.
977 985 987 999 ,
1005 962 1092 1004 Aug.
1106 972 1134 994 c.
1152 962 1206 993 3ο.
1220 966 1373 992 vetustate

237 1018 405 1061 collapsas,
421 1024 475 1048 aut
496 1017 645 1048 incendio
665 1017 843 1058 absumptas
859 1018 986 1056 refecit,
999 1024 1031 1048 et
1049 1017 1098 1048 ad
1111 1015 1374 1057 compescendam

207 1082 209 1084 ·
227 1070 335 1102 libera·
359 1070 489 1101 Veneris
513 1069 675 1101 licentiam
692 1071 796 1113 Iegem
811 1073 832 1103 J
835 1071 948 1109 uliam,
964 1071 1004 1102 de
1026 1070 1204 1109 adulteriis,
1221 1077 1254 1100 et
1267 1070 1372 1112 Iegem

229 1127 378 1168 Pappiam
392 1128 560 1167 Poppaeam
570 1151 578 1166 ‚
595 1126 636 1156 de
649 1126 833 1156 maritandis
848 1125 1016 1157 ordinibus
1029 1125 1136 1163 dedic;
1152 1124 1303 1156 Horatius
1312 1147 1323 1161 ,
1339 1131 1375 1154 ut

237 1178 270 1209 in
284 1178 358 1209 aliis
374 1178 565 1209 carminibus
580 1178 718 1221 Augusti
734 1178 884 1210 virtutem
903 1179 1049 1210 bellicam
1059 1201 1068 1217 ‚
1083 1177 1130 1208 ἰτὰ
1148 1177 1182 1208 in
1197 1176 1256 1207 hoc
1270 1176 1373 1208 vir-eu-

238 1241 300 1264 tem
315 1233 382 1275 ejus
396 1233 522 1263 civilem
533 1255 542 1271 ,
558 1233 718 1263 celebrare
729 1233 871 1264 voluisse
887 1232 976 1264 haud
990 1231 1195 1274 improbabile
1209 1238 1265 1262 est.

304 1376 476 1410 Dssuc'rA
492 1373 677 1423 majorum
694 1372 903 1410 immeritus
919 1372 1000 1409 lues
1013 1379 1037 1420 ²,

296 1434 486 1479 Romane,
502 1430 621 1468 donec
639 1433 777 1482 templa
795 1431 990 1478 resecetis,
1011 1449 1013 1451 ·

351 1491 539 1541 AEdesque
557 1491 725 1529 labantes
744 1492 922 1538 deorum,
944 1500 982 1529 et

403 1550 518 1588 Foeda
535 1551 644 1600 nigro
662 1551 861 1588 simulacra
878 1551 995 1588 sumn.

298 1609 365 1646 Dis
383 1617 420 1646 te
434 1609 618 1646 minorem
636 1607 740 1659 quod
759 1609 856 1659 geris
868 1637 879 1656 ,
898 1609 1059 1659 imperas
1080 1618 1093 1632 ²
1108 1621 1117 1643 z

246 1755 273 1774 1.
292 1741 419 1773 Delicta
442 1742 598 1784 majorum
621 1742 759 1773 immeri-

194 1798 243 1821 tus
272 1789 339 1819 lues
356 1799 367 1818 .·
389 1788 562 1819 immeritus
577 1800 589 1819 .·
606 1789 759 1819 innocens

194 1845 233 1867 eo
255 1845 350 1866 seusu
367 1834 455 1875 quod
477 1842 602 1875 patrum
625 1841 757 1865 tuorum

193 1882 310 1914 scelera
331 1887 384 1910 tua
398 1891 466 1911 non
476 1888 568 1919 sunt3
583 1880 638 1911 sed
654 1881 759 1911 tamen

193 1928 307 1960 merito
332 1926 537 1968 plectendus,
557 1928 612 1968 qni
634 1937 684 1956 res
711 1937 758 1957 sa-

193 1985 261 2005 cras
275 1980 308 2004 et
323 1973 440 2014 templa
451 1972 584 2002 deornm
595 1973 759 2003 restituere

193 2021 336 2062 negligis.
366 2020 404 2049 In
434 2019 617 2049 tristissimis
635 2017 758 2049 tantnm

194 2067 352 2098 bellorum
373 2065 517 2096 civilium
537 2065 695 2095 fructibus
713 2072 760 2095 est

194 2123 260 2143 aras
289 2112 473 2152 cultumque
507 2110 652 2142 divinum
687 2111 758 2141 vio—

192 2159 252 2189 lari
261 2162 275 2196 ,’
287 2157 373 2199 quod
402 2158 519 2190 Noster
542 2156 607 2196 jam
637 2157 759 2187 notavit

194 2203 289 2246 supra
305 2203 366 2235 Od.
381 2206 413 2241 1,
432 2204 492 2242 35,
508 2204 546 2242 37
566 2213 574 2234 :
591 2203 680 2234 Unde}
694 2213 760 2232 ma-

812 1753 870 1773 nus
876 1742 1024 1784 juventus
1045 1743 1131 1772 Mem
1151 1740 1281 1771 deorum
1299 1751 1375 1771 con-

810 1788 920 1825 tinuit,
937 1787 1047 1829 quibus
1067 1786 1211 1827 Pepercit
1227 1787 1292 1817 aris
1300 1791 1318 1818 :²
1328 1805 1375 1812 —

810 1834 909 1865 Foeda
927 1833 1024 1876 ficmo
1040 1844 1052 1863 .·
1078 1839 1240 1863 contracto
1263 1833 1330 1864 sive
1356 1832 1373 1863 ὲ

810 1887 984 1917 vetustate,
1002 1879 1067 1910 sive
1089 1877 1196 1920 potins
1215 1879 1255 1909 ab
1270 1880 1375 1910 incen-

812 1926 871 1957 diis
904 1926 1020 1967 quibus
1047 1924 1162 1966 templa
1188 1924 1375 1967 deflagrave-

810 1979 892 2004 rant.

857 2029 888 2049 2.
903 2014 963 2048 Dfs
973 2025 1003 2049 te
1016 2017 1170 2048 minorem
1181 2017 1270 2058 quod
1275 2015 1371 2059 geris,

810 2064 947 2105 imperas
962 2075 974 2094 .·
1003 2063 1075 2094 ideo
1111 2061 1234 2094 tantiam
1262 2068 1375 2104 potens

809 2121 841 2140 es
851 2133 860 2148 ,
874 2109 948 2151 quia
962 2110 1158 2151 superiorem
1173 2108 1304 2140 deorum
1318 2119 1374 2149 po-

810 2162 950 2186 testatem
962 2157 1103 2198 agnoscis
1112 2162 1142 2186 et
1154 2155 1314 2186 revereris.
1325 2155 1375 2185 Sic

810 2203 935 2241 Livius,
955 2202 1039 2244 apud
1065 2212 1159 2243 quem
1180 2200 1376 2242 diligentissi-
