<?xml version="1.0" encoding="UTF-8"?>
<!DOCTYPE html PUBLIC "-//W3C//DTD XHTML 1.0 Transitional//EN"
    "http://www.w3.org/TR/xhtml1/DTD/xhtml1-transitional.dtd">
<html xmlns="http://www.w3.org/1999/xhtml" xml:lang="en" lang="en">
 <head>
  <title>
</title>
<meta http-equiv="Content-Type" content="text/html;charset=utf-8" />
  <meta name='ocr-system' content='tesseract 3.04.00' />
  <meta name='ocr-capabilities' content='ocr_page ocr_carea ocr_par ocr_line ocrx_word'/>
</head>
<body>
  <div class='ocr_page' id='page_1' title='image "./quintushoratiusf01horauoft_0186.png"; bbox 0 0 1456 2508; ppageno 0'>
   <div class='ocr_carea' id='block_1_1' title="bbox 195 99 257 132">
    <p class='ocr_par' dir='ltr' id='par_1_1' title="bbox 195 99 257 132">
     <span class='ocr_line' id='line_1_1' title="bbox 195 99 257 132; baseline 0.032 -2"><span class='ocrx_word' id='word_1_1' title='bbox 195 99 257 132; x_wconf 70' lang='lat'><strong>1⁵2</strong></span> 
     </span>
    </p>
   </div>
   <div class='ocr_carea' id='block_1_2' title="bbox 585 105 1007 147">
    <p class='ocr_par' dir='ltr' id='par_1_2' title="bbox 585 105 1007 147">
     <span class='ocr_line' id='line_1_2' title="bbox 585 105 1007 147; baseline 0.005 -10"><span class='ocrx_word' id='word_1_2' title='bbox 585 107 626 147; x_wconf 89' lang='lat' dir='ltr'><strong>Q.</strong></span> <span class='ocrx_word' id='word_1_3' title='bbox 650 105 834 137; x_wconf 80' lang='lat' dir='ltr'><strong>HORATn</strong></span> <span class='ocrx_word' id='word_1_4' title='bbox 856 105 1007 139; x_wconf 59' lang='grc' dir='ltr'>πωροι</span> 
     </span>
    </p>
   </div>
   <div class='ocr_carea' id='block_1_3' title="bbox 286 161 1374 694">
    <p class='ocr_par' dir='ltr' id='par_1_3' title="bbox 286 161 1374 694">
     <span class='ocr_line' id='line_1_3' title="bbox 294 161 996 213; baseline 0.007 -15"><span class='ocrx_word' id='word_1_5' title='bbox 294 163 373 198; x_wconf 88' lang='lat' dir='ltr'><strong>Nec</strong></span> <span class='ocrx_word' id='word_1_6' title='bbox 389 161 488 200; x_wconf 87' lang='lat' dir='ltr'><strong>sitim</strong></span> <span class='ocrx_word' id='word_1_7' title='bbox 508 164 635 213; x_wconf 86' lang='lat' dir='ltr'><strong>pellit,</strong></span> <span class='ocrx_word' id='word_1_8' title='bbox 648 164 722 200; x_wconf 87' lang='lat' dir='ltr'><strong>nisi</strong></span> <span class='ocrx_word' id='word_1_9' title='bbox 738 177 851 202; x_wconf 86' lang='lat' dir='ltr'><strong>causa</strong></span> <span class='ocrx_word' id='word_1_10' title='bbox 871 165 996 203; x_wconf 86' lang='lat' dir='ltr'>morbi</span> 
     </span>
     <span class='ocr_line' id='line_1_4' title="bbox 294 222 939 277; baseline 0.008 -20"><span class='ocrx_word' id='word_1_11' title='bbox 294 222 449 271; x_wconf 81' lang='lat' dir='ltr'><strong>Fugerit</strong></span> <span class='ocrx_word' id='word_1_12' title='bbox 466 223 591 269; x_wconf 87' lang='lat' dir='ltr'><strong>venis,</strong></span> <span class='ocrx_word' id='word_1_13' title='bbox 610 231 649 277; x_wconf 69' lang='lat' dir='ltr'><strong>et</strong></span> <span class='ocrx_word' id='word_1_14' title='bbox 667 236 832 273; x_wconf 87' lang='lat' dir='ltr'><strong>aquosus</strong></span> <span class='ocrx_word' id='word_1_15' title='bbox 851 224 939 262; x_wconf 85' lang='lat' dir='ltr'><strong>albo</strong></span> 
     </span>
     <span class='ocr_line' id='line_1_5' title="bbox 555 284 916 334; baseline 0.006 -16"><span class='ocrx_word' id='word_1_16' title='bbox 555 284 726 332; x_wconf 84' lang='lat' dir='ltr'>Corpore</span> <span class='ocrx_word' id='word_1_17' title='bbox 744 284 916 334; x_wconf 79' lang='lat' dir='ltr'>languor.</span> 
     </span>
     <span class='ocr_line' id='line_1_6' title="bbox 293 340 987 392; baseline 0.01 -16"><span class='ocrx_word' id='word_1_18' title='bbox 293 340 500 378; x_wconf 87' lang='lat' dir='ltr'><strong>Redditum</strong></span> <span class='ocrx_word' id='word_1_19' title='bbox 517 343 607 392; x_wconf 85' lang='lat' dir='ltr'><strong>Cyri</strong></span> <span class='ocrx_word' id='word_1_20' title='bbox 626 343 721 381; x_wconf 83' lang='lat' dir='ltr'><strong>s&#39;olio</strong></span> <span class='ocrx_word' id='word_1_21' title='bbox 738 344 939 382; x_wconf 84' lang='lat' dir='ltr'><strong>Phraatem</strong></span> <span class='ocrx_word' id='word_1_22' title='bbox 956 343 987 391; x_wconf 84' lang='lat'><strong>⁵,</strong></span> 
     </span>
     <span class='ocr_line' id='line_1_7' title="bbox 291 400 1022 452; baseline 0.008 -16"><span class='ocrx_word' id='word_1_23' title='bbox 291 400 485 439; x_wconf 88' lang='lat' dir='ltr'><strong>Dissidens</strong></span> <span class='ocrx_word' id='word_1_24' title='bbox 504 402 624 452; x_wconf 86' lang='lat' dir='ltr'><strong>plebi,</strong></span> <span class='ocrx_word' id='word_1_25' title='bbox 641 417 801 442; x_wconf 91' lang='lat' dir='ltr'><strong>numero</strong></span> <span class='ocrx_word' id='word_1_26' title='bbox 820 405 1022 442; x_wconf 89' lang='lat' dir='ltr'><strong>beatorum</strong></span> 
     </span>
     <span class='ocr_line' id='line_1_8' title="bbox 291 459 990 515; baseline 0.006 -19"><span class='ocrx_word' id='word_1_27' title='bbox 291 460 432 499; x_wconf 85' lang='lat' dir='ltr'>Eximit</span> <span class='ocrx_word' id='word_1_28' title='bbox 451 462 588 509; x_wconf 88' lang='lat' dir='ltr'><strong>virtus,</strong></span> <span class='ocrx_word' id='word_1_29' title='bbox 608 459 868 515; x_wconf 80' lang='lat' dir='ltr'><strong>populumque</strong></span> <span class='ocrx_word' id='word_1_30' title='bbox 889 465 990 502; x_wconf 88' lang='lat' dir='ltr'><strong>falsis</strong></span> 
     </span>
     <span class='ocr_line' id='line_1_9' title="bbox 550 522 1374 560; baseline 0.007 -1"><span class='ocrx_word' id='word_1_31' title='bbox 550 522 722 560; x_wconf 85' lang='lat' dir='ltr'><strong>Dedocet</strong></span> <span class='ocrx_word' id='word_1_32' title='bbox 741 524 798 560; x_wconf 88' lang='lat' dir='ltr'><strong>uti</strong></span> <span class='ocrx_word' id='word_1_33' title='bbox 1344 537 1374 552; x_wconf 82' lang='lat'><strong>2⁰</strong></span> 
     </span>
     <span class='ocr_line' id='line_1_10' title="bbox 288 578 1043 632; baseline 0.008 -18"><span class='ocrx_word' id='word_1_34' title='bbox 288 578 474 627; x_wconf 89' lang='lat' dir='ltr'><strong>Vocibus;</strong></span> <span class='ocrx_word' id='word_1_35' title='bbox 495 594 652 632; x_wconf 85' lang='lat' dir='ltr'><strong>regnum</strong></span> <span class='ocrx_word' id='word_1_36' title='bbox 670 591 708 620; x_wconf 94' lang='lat' dir='ltr'><strong>et</strong></span> <span class='ocrx_word' id='word_1_37' title='bbox 727 583 900 620; x_wconf 86' lang='lat' dir='ltr'><strong>diadema</strong></span> <span class='ocrx_word' id='word_1_38' title='bbox 919 591 1043 620; x_wconf 87' lang='lat' dir='ltr'><strong>tutum</strong></span> 
     </span>
     <span class='ocr_line' id='line_1_11' title="bbox 286 639 1026 694; baseline 0.008 -19"><span class='ocrx_word' id='word_1_39' title='bbox 286 639 469 678; x_wconf 85' lang='lat' dir='ltr'><strong>Deferens</strong></span> <span class='ocrx_word' id='word_1_40' title='bbox 485 642 551 679; x_wconf 92' lang='lat' dir='ltr'><strong>uni</strong></span> <span class='ocrx_word' id='word_1_41' title='bbox 570 644 839 694; x_wconf 81' lang='lat' dir='ltr'><strong>propriamque</strong></span> <span class='ocrx_word' id='word_1_42' title='bbox 858 645 1026 690; x_wconf 82' lang='lat' dir='ltr'><strong>laurum,</strong></span> 
     </span>
    </p>
   </div>
   <div class='ocr_carea' id='block_1_4' title="bbox 1349 229 1378 254">
    <p class='ocr_par' dir='ltr' id='par_1_4' title="bbox 1349 229 1378 254">
     <span class='ocr_line' id='line_1_12' title="bbox 1349 229 1378 254; baseline 0 0"><span class='ocrx_word' id='word_1_43' title='bbox 1349 229 1378 254; x_wconf 80' lang='lat'><strong>1⁵</strong></span> 
     </span>
    </p>
   </div>
   <div class='ocr_carea' id='block_1_5' title="bbox 287 699 987 812">
    <p class='ocr_par' dir='ltr' id='par_1_5' title="bbox 287 699 987 812">
     <span class='ocr_line' id='line_1_13' title="bbox 287 699 987 752; baseline 0.007 -17"><span class='ocrx_word' id='word_1_44' title='bbox 287 699 468 750; x_wconf 87' lang='lat' dir='ltr'><strong>Quisquis</strong></span> <span class='ocrx_word' id='word_1_45' title='bbox 490 701 659 752; x_wconf 85' lang='lat' dir='ltr'><strong>ingentes</strong></span> <span class='ocrx_word' id='word_1_46' title='bbox 678 705 789 741; x_wconf 88' lang='lat' dir='ltr'><strong>oculo</strong></span> <span class='ocrx_word' id='word_1_47' title='bbox 808 705 987 743; x_wconf 88' lang='lat' dir='ltr'><strong>irretorto</strong></span> 
     </span>
     <span class='ocr_line' id='line_1_14' title="bbox 546 765 885 812; baseline 0.009 -12"><span class='ocrx_word' id='word_1_48' title='bbox 546 765 699 812; x_wconf 84' lang='lat' dir='ltr'><strong>Spectat</strong></span> <span class='ocrx_word' id='word_1_49' title='bbox 719 777 885 803; x_wconf 86' lang='lat' dir='ltr'><strong>acervos.</strong></span> 
     </span>
    </p>
   </div>
   <div class='ocr_carea' id='block_1_6' title="bbox 168 883 746 1572">
    <p class='ocr_par' dir='ltr' id='par_1_6' title="bbox 178 883 746 1098">
     <span class='ocr_line' id='line_1_15' title="bbox 181 883 746 920; baseline 0.016 -9"><span class='ocrx_word' id='word_1_50' title='bbox 181 883 374 914; x_wconf 80' lang='lat' dir='ltr'><strong>transtulisse</strong></span> <span class='ocrx_word' id='word_1_51' title='bbox 390 884 516 916; x_wconf 84' lang='lat' dir='ltr'><strong>videtur</strong></span> <span class='ocrx_word' id='word_1_52' title='bbox 530 884 690 920; x_wconf 82' lang='lat' dir='ltr'><strong>Horatius.</strong></span> <span class='ocrx_word' id='word_1_53' title='bbox 700 907 746 913; x_wconf 79' lang='lat'>—</span> 
     </span>
     <span class='ocr_line' id='line_1_16' title="bbox 180 929 744 976; baseline 0.016 -19"><span class='ocrx_word' id='word_1_54' title='bbox 180 929 328 970; x_wconf 82' lang='lat' dir='ltr'><strong>Aquosus</strong></span> <span class='ocrx_word' id='word_1_55' title='bbox 346 930 420 961; x_wconf 85' lang='lat' dir='ltr'><strong>albo</strong></span> <span class='ocrx_word' id='word_1_56' title='bbox 442 942 572 972; x_wconf 84' lang='lat' dir='ltr'><strong>corpore</strong></span> <span class='ocrx_word' id='word_1_57' title='bbox 587 934 744 976; x_wconf 77' lang='lat' dir='ltr'><strong>languor:</strong></span> 
     </span>
     <span class='ocr_line' id='line_1_17' title="bbox 179 976 744 1022; baseline 0.014 -18"><span class='ocrx_word' id='word_1_58' title='bbox 179 984 260 1015; x_wconf 86' lang='lat' dir='ltr'><strong>aqua</strong></span> <span class='ocrx_word' id='word_1_59' title='bbox 281 976 440 1015; x_wconf 82' lang='lat' dir='ltr'><strong>intercus,</strong></span> <span class='ocrx_word' id='word_1_60' title='bbox 458 978 521 1018; x_wconf 64' lang='lat' dir='ltr'><strong>quai</strong></span> <span class='ocrx_word' id='word_1_61' title='bbox 542 990 658 1021; x_wconf 90' lang='lat' dir='ltr'><strong>corpus</strong></span> <span class='ocrx_word' id='word_1_62' title='bbox 682 983 744 1022; x_wconf 90' lang='lat' dir='ltr'><strong>pal-</strong></span> 
     </span>
     <span class='ocr_line' id='line_1_18' title="bbox 178 1020 744 1067; baseline 0.016 -17"><span class='ocrx_word' id='word_1_63' title='bbox 178 1020 248 1052; x_wconf 85' lang='lat' dir='ltr'><strong>lore</strong></span> <span class='ocrx_word' id='word_1_64' title='bbox 283 1021 379 1054; x_wconf 78' lang='lat' dir='ltr'><strong>simiss</strong></span> <span class='ocrx_word' id='word_1_65' title='bbox 408 1031 440 1054; x_wconf 84' lang='lat' dir='ltr'><strong>et</strong></span> <span class='ocrx_word' id='word_1_66' title='bbox 471 1025 622 1067; x_wconf 87' lang='lat' dir='ltr'><strong>languore</strong></span> <span class='ocrx_word' id='word_1_67' title='bbox 651 1027 744 1059; x_wconf 77' lang='lat' dir='ltr'><strong>affici-</strong></span> 
     </span>
     <span class='ocr_line' id='line_1_19' title="bbox 178 1073 244 1098; baseline 0.03 -2"><span class='ocrx_word' id='word_1_68' title='bbox 178 1073 244 1098; x_wconf 72' lang='lat' dir='ltr'><strong>tur.</strong></span> 
     </span>
    </p>

    <p class='ocr_par' dir='ltr' id='par_1_7' title="bbox 168 1114 743 1572">
     <span class='ocr_line' id='line_1_20' title="bbox 224 1114 743 1157; baseline 0.013 -13"><span class='ocrx_word' id='word_1_69' title='bbox 224 1114 255 1145; x_wconf 84' lang='lat'><strong>5.</strong></span> <span class='ocrx_word' id='word_1_70' title='bbox 273 1114 446 1147; x_wconf 75' lang='lat' dir='ltr'><strong>Phraatem</strong></span> <span class='ocrx_word' id='word_1_71' title='bbox 460 1128 472 1146; x_wconf 86' lang='lat'><strong>.·</strong></span> <span class='ocrx_word' id='word_1_72' title='bbox 491 1117 647 1157; x_wconf 83' lang='lat' dir='ltr'><strong>Phraates,</strong></span> <span class='ocrx_word' id='word_1_73' title='bbox 662 1122 743 1151; x_wconf 87' lang='lat' dir='ltr'><strong>Oro-</strong></span> 
     </span>
     <span class='ocr_line' id='line_1_21' title="bbox 174 1159 741 1203; baseline 0.011 -13"><span class='ocrx_word' id='word_1_74' title='bbox 174 1159 222 1190; x_wconf 83' lang='lat' dir='ltr'><strong>dis</strong></span> <span class='ocrx_word' id='word_1_75' title='bbox 239 1159 341 1200; x_wconf 83' lang='lat' dir='ltr'><strong>filius,</strong></span> <span class='ocrx_word' id='word_1_76' title='bbox 365 1162 555 1194; x_wconf 85' lang='lat' dir='ltr'><strong>Parthorum</strong></span> <span class='ocrx_word' id='word_1_77' title='bbox 572 1176 646 1203; x_wconf 78' lang='lat' dir='ltr'><strong>rex,</strong></span> <span class='ocrx_word' id='word_1_78' title='bbox 667 1165 741 1197; x_wconf 73' lang='lat' dir='ltr'><strong>ciun</strong></span> 
     </span>
     <span class='ocr_line' id='line_1_22' title="bbox 172 1209 741 1247; baseline 0.012 -12"><span class='ocrx_word' id='word_1_79' title='bbox 172 1213 310 1247; x_wconf 87' lang='lat' dir='ltr'><strong>patrem,</strong></span> <span class='ocrx_word' id='word_1_80' title='bbox 330 1209 442 1240; x_wconf 82' lang='lat' dir='ltr'><strong>fratres</strong></span> <span class='ocrx_word' id='word_1_81' title='bbox 468 1219 504 1239; x_wconf 87' lang='lat' dir='ltr'><strong>ac</strong></span> <span class='ocrx_word' id='word_1_82' title='bbox 523 1209 626 1240; x_wconf 87' lang='lat' dir='ltr'><strong>filium</strong></span> <span class='ocrx_word' id='word_1_83' title='bbox 644 1213 741 1242; x_wconf 88' lang='lat' dir='ltr'><strong>inter-</strong></span> 
     </span>
     <span class='ocr_line' id='line_1_23' title="bbox 172 1252 739 1292; baseline 0.012 -10"><span class='ocrx_word' id='word_1_84' title='bbox 172 1252 313 1292; x_wconf 77' lang='lat' dir='ltr'><strong>fecisset,</strong></span> <span class='ocrx_word' id='word_1_85' title='bbox 339 1255 383 1285; x_wconf 91' lang='lat' dir='ltr'><strong>ob</strong></span> <span class='ocrx_word' id='word_1_86' title='bbox 403 1257 630 1287; x_wconf 83' lang='lat' dir='ltr'><strong>immanitatem</strong></span> <span class='ocrx_word' id='word_1_87' title='bbox 658 1259 739 1290; x_wconf 84' lang='lat' dir='ltr'><strong>solio</strong></span> 
     </span>
     <span class='ocr_line' id='line_1_24' title="bbox 172 1298 737 1340; baseline 0.011 -11"><span class='ocrx_word' id='word_1_88' title='bbox 172 1298 358 1331; x_wconf 83' lang='lat' dir='ltr'><strong>deturbatus</strong></span> <span class='ocrx_word' id='word_1_89' title='bbox 385 1309 432 1332; x_wconf 90' lang='lat' dir='ltr'><strong>est</strong></span> <span class='ocrx_word' id='word_1_90' title='bbox 460 1301 477 1332; x_wconf 72' lang='grc' dir='ltr'><strong>ἐι</strong></span> <span class='ocrx_word' id='word_1_91' title='bbox 498 1304 580 1340; x_wconf 89' lang='lat' dir='ltr'><strong>suis,</strong></span> <span class='ocrx_word' id='word_1_92' title='bbox 603 1304 737 1336; x_wconf 86' lang='lat' dir='ltr'><strong>suffecto</strong></span> 
     </span>
     <span class='ocr_line' id='line_1_25' title="bbox 170 1346 736 1391; baseline 0.011 -15"><span class='ocrx_word' id='word_1_93' title='bbox 170 1346 205 1376; x_wconf 90' lang='lat' dir='ltr'><strong>in</strong></span> <span class='ocrx_word' id='word_1_94' title='bbox 223 1357 356 1388; x_wconf 88' lang='lat' dir='ltr'><strong>regnum</strong></span> <span class='ocrx_word' id='word_1_95' title='bbox 378 1348 529 1380; x_wconf 87' lang='lat' dir='ltr'><strong>Tiridate.</strong></span> <span class='ocrx_word' id='word_1_96' title='bbox 552 1349 612 1380; x_wconf 86' lang='lat' dir='ltr'><strong>Sed</strong></span> <span class='ocrx_word' id='word_1_97' title='bbox 628 1351 736 1391; x_wconf 67' lang='lat' dir='ltr'><strong>postea</strong></span> 
     </span>
     <span class='ocr_line' id='line_1_26' title="bbox 170 1393 734 1437; baseline 0.012 -16"><span class='ocrx_word' id='word_1_98' title='bbox 170 1393 333 1423; x_wconf 85' lang='lat' dir='ltr'><strong>restitutus</strong></span> <span class='ocrx_word' id='word_1_99' title='bbox 355 1394 415 1424; x_wconf 87' lang='lat' dir='ltr'><strong>fuit</strong></span> <span class='ocrx_word' id='word_1_100' title='bbox 439 1406 499 1436; x_wconf 83' lang='lat' dir='ltr'><strong>ope</strong></span> <span class='ocrx_word' id='word_1_101' title='bbox 524 1397 734 1437; x_wconf 82' lang='lat' dir='ltr'><strong>Scytharum3</strong></span> 
     </span>
     <span class='ocr_line' id='line_1_27' title="bbox 170 1438 736 1485; baseline 0.011 -17"><span class='ocrx_word' id='word_1_102' title='bbox 170 1444 202 1468; x_wconf 86' lang='lat' dir='ltr'><strong>et</strong></span> <span class='ocrx_word' id='word_1_103' title='bbox 221 1438 263 1468; x_wconf 84' lang='lat' dir='ltr'><strong>ab</strong></span> <span class='ocrx_word' id='word_1_104' title='bbox 290 1440 453 1481; x_wconf 88' lang='lat' dir='ltr'><strong>Augusto,</strong></span> <span class='ocrx_word' id='word_1_105' title='bbox 475 1441 513 1471; x_wconf 88' lang='lat' dir='ltr'><strong>ad</strong></span> <span class='ocrx_word' id='word_1_106' title='bbox 533 1453 628 1482; x_wconf 89' lang='lat' dir='ltr'><strong>quem</strong></span> <span class='ocrx_word' id='word_1_107' title='bbox 649 1445 736 1485; x_wconf 83' lang='lat' dir='ltr'><strong>signa</strong></span> 
     </span>
     <span class='ocr_line' id='line_1_28' title="bbox 171 1484 736 1527; baseline 0.012 -13"><span class='ocrx_word' id='word_1_108' title='bbox 171 1484 283 1516; x_wconf 78' lang='lat' dir='ltr'><strong>Crasso</strong></span> <span class='ocrx_word' id='word_1_109' title='bbox 298 1493 404 1527; x_wconf 87' lang='lat' dir='ltr'><strong>erepta</strong></span> <span class='ocrx_word' id='word_1_110' title='bbox 426 1490 586 1519; x_wconf 85' lang='lat' dir='ltr'><strong>remiserat</strong></span> <span class='ocrx_word' id='word_1_111' title='bbox 598 1511 605 1525; x_wconf 94' lang='lat'>‚</span> <span class='ocrx_word' id='word_1_112' title='bbox 623 1492 736 1520; x_wconf 80' lang='lat' dir='ltr'><strong>retine-</strong></span> 
     </span>
     <span class='ocr_line' id='line_1_29' title="bbox 168 1535 735 1572; baseline 0.009 -11"><span class='ocrx_word' id='word_1_113' title='bbox 168 1541 203 1561; x_wconf 86' lang='lat' dir='ltr'><strong>re</strong></span> <span class='ocrx_word' id='word_1_114' title='bbox 220 1541 355 1572; x_wconf 87' lang='lat' dir='ltr'><strong>regnum</strong></span> <span class='ocrx_word' id='word_1_115' title='bbox 369 1535 476 1572; x_wconf 81' lang='lat' dir='ltr'><strong>jussus</strong></span> <span class='ocrx_word' id='word_1_116' title='bbox 490 1543 498 1565; x_wconf 88' lang='grc'>;</span> <span class='ocrx_word' id='word_1_117' title='bbox 515 1535 670 1565; x_wconf 83' lang='lat' dir='ltr'><strong>Tiridates</strong></span> <span class='ocrx_word' id='word_1_118' title='bbox 683 1547 735 1567; x_wconf 84' lang='lat' dir='ltr'><strong>au-</strong></span> 
     </span>
    </p>
   </div>
   <div class='ocr_carea' id='block_1_7' title="bbox 168 1577 747 1623">
    <p class='ocr_par' dir='ltr' id='par_1_8' title="bbox 168 1577 747 1623">
     <span class='ocr_line' id='line_1_30' title="bbox 168 1577 747 1623; baseline 0.009 -16"><span class='ocrx_word' id='word_1_119' title='bbox 168 1577 232 1607; x_wconf 71' lang='lat' dir='ltr'><strong>tem</strong></span> <span class='ocrx_word' id='word_1_120' title='bbox 247 1586 396 1609; x_wconf 83' lang='lat' dir='ltr'><strong>evocatus</strong></span> <span class='ocrx_word' id='word_1_121' title='bbox 413 1582 548 1611; x_wconf 84' lang='lat' dir='ltr'><strong>Romam</strong></span> <span class='ocrx_word' id='word_1_122' title='bbox 558 1603 566 1617; x_wconf 91' lang='lat'>‚</span> <span class='ocrx_word' id='word_1_123' title='bbox 582 1581 627 1611; x_wconf 83' lang='lat' dir='ltr'><strong>ibi</strong></span> <span class='ocrx_word' id='word_1_124' title='bbox 648 1584 747 1623; x_wconf 77' lang='lat' dir='ltr'><strong>regio,</strong></span> 
     </span>
    </p>
   </div>
   <div class='ocr_carea' id='block_1_8' title="bbox 163 1627 734 2075">
    <p class='ocr_par' dir='ltr' id='par_1_9' title="bbox 163 1627 734 2075">
     <span class='ocr_line' id='line_1_31' title="bbox 168 1627 731 1666; baseline 0.009 -13"><span class='ocrx_word' id='word_1_125' title='bbox 168 1633 256 1654; x_wconf 86' lang='lat' dir='ltr'><strong>more</strong></span> <span class='ocrx_word' id='word_1_126' title='bbox 284 1635 320 1655; x_wconf 84' lang='lat' dir='ltr'><strong>ae</strong></span> <span class='ocrx_word' id='word_1_127' title='bbox 351 1633 480 1666; x_wconf 90' lang='lat' dir='ltr'><strong>sumptu</strong></span> <span class='ocrx_word' id='word_1_128' title='bbox 509 1627 635 1657; x_wconf 83' lang='lat' dir='ltr'><strong>habitus</strong></span> <span class='ocrx_word' id='word_1_129' title='bbox 666 1636 731 1666; x_wconf 88' lang='lat' dir='ltr'><strong>est,</strong></span> 
     </span>
     <span class='ocr_line' id='line_1_32' title="bbox 167 1669 734 1714; baseline 0.009 -15"><span class='ocrx_word' id='word_1_130' title='bbox 167 1669 251 1700; x_wconf 65' lang='lat' dir='ltr'><strong>circa</strong></span> <span class='ocrx_word' id='word_1_131' title='bbox 261 1681 381 1701; x_wconf 86' lang='lat' dir='ltr'><strong>annum</strong></span> <span class='ocrx_word' id='word_1_132' title='bbox 398 1674 438 1703; x_wconf 91' lang='lat' dir='ltr'><strong>U.</strong></span> <span class='ocrx_word' id='word_1_133' title='bbox 456 1673 492 1704; x_wconf 89' lang='lat' dir='ltr'><strong>C.</strong></span> <span class='ocrx_word' id='word_1_134' title='bbox 510 1675 586 1711; x_wconf 84' lang='lat'><strong>730.</strong></span> <span class='ocrx_word' id='word_1_135' title='bbox 602 1691 646 1696; x_wconf 88' lang='lat'><strong>—-</strong></span> <span class='ocrx_word' id='word_1_136' title='bbox 660 1675 734 1714; x_wconf 67' lang='lat' dir='ltr'><strong>Gyri</strong></span> 
     </span>
     <span class='ocr_line' id='line_1_33' title="bbox 166 1715 730 1762; baseline 0.009 -16"><span class='ocrx_word' id='word_1_137' title='bbox 166 1715 247 1747; x_wconf 81' lang='lat' dir='ltr'><strong>solio</strong></span> <span class='ocrx_word' id='word_1_138' title='bbox 261 1728 272 1747; x_wconf 89' lang='lat'><em>:</em></span> <span class='ocrx_word' id='word_1_139' title='bbox 292 1728 423 1758; x_wconf 82' lang='lat' dir='ltr'><strong>regnum</strong></span> <span class='ocrx_word' id='word_1_140' title='bbox 440 1720 605 1749; x_wconf 87' lang='lat' dir='ltr'><strong>Persarum</strong></span> <span class='ocrx_word' id='word_1_141' title='bbox 627 1721 730 1762; x_wconf 82' lang='lat' dir='ltr'><strong>Cyrus</strong></span> 
     </span>
     <span class='ocr_line' id='line_1_34' title="bbox 165 1761 731 1806; baseline 0.009 -14"><span class='ocrx_word' id='word_1_142' title='bbox 165 1761 243 1792; x_wconf 85' lang='lat' dir='ltr'><strong>olim</strong></span> <span class='ocrx_word' id='word_1_143' title='bbox 285 1764 442 1802; x_wconf 84' lang='lat' dir='ltr'><strong>obtinuit;</strong></span> <span class='ocrx_word' id='word_1_144' title='bbox 477 1766 585 1806; x_wconf 64' lang='lat' dir='ltr'><strong>postea</strong></span> <span class='ocrx_word' id='word_1_145' title='bbox 624 1767 731 1797; x_wconf 82' lang='lat' dir='ltr'><strong>Parthi</strong></span> 
     </span>
     <span class='ocr_line' id='line_1_35' title="bbox 166 1808 730 1850; baseline 0.009 -12"><span class='ocrx_word' id='word_1_146' title='bbox 166 1808 377 1850; x_wconf 74' lang='lat' dir='ltr'><strong>occupiirunt.</strong></span> <span class='ocrx_word' id='word_1_147' title='bbox 395 1828 443 1833; x_wconf 92' lang='lat'><strong>-—</strong></span> <span class='ocrx_word' id='word_1_148' title='bbox 464 1813 604 1842; x_wconf 68' lang='lat' dir='ltr'><strong>Numer-0</strong></span> <span class='ocrx_word' id='word_1_149' title='bbox 623 1812 730 1843; x_wconf 79' lang='lat' dir='ltr'><strong>beato-</strong></span> 
     </span>
     <span class='ocr_line' id='line_1_36' title="bbox 165 1855 731 1899; baseline 0.009 -15"><span class='ocrx_word' id='word_1_150' title='bbox 165 1865 254 1886; x_wconf 83' lang='lat' dir='ltr'><strong>rum:</strong></span> <span class='ocrx_word' id='word_1_151' title='bbox 269 1855 321 1886; x_wconf 85' lang='lat' dir='ltr'><strong>hic</strong></span> <span class='ocrx_word' id='word_1_152' title='bbox 337 1866 444 1886; x_wconf 83' lang='lat' dir='ltr'><strong>versus</strong></span> <span class='ocrx_word' id='word_1_153' title='bbox 459 1856 522 1887; x_wconf 64' lang='lat' dir='ltr'><strong>unzi</strong></span> <span class='ocrx_word' id='word_1_154' title='bbox 534 1857 655 1899; x_wconf 70' lang='lat' dir='ltr'><strong>syllabzi</strong></span> <span class='ocrx_word' id='word_1_155' title='bbox 664 1860 731 1898; x_wconf 86' lang='lat' dir='ltr'><strong>jus-</strong></span> 
     </span>
     <span class='ocr_line' id='line_1_37' title="bbox 166 1903 730 1944; baseline 0.007 -13"><span class='ocrx_word' id='word_1_156' title='bbox 166 1907 229 1932; x_wconf 80' lang='lat' dir='ltr'><strong>tam</strong></span> <span class='ocrx_word' id='word_1_157' title='bbox 255 1903 349 1932; x_wconf 89' lang='lat' dir='ltr'><strong>metri</strong></span> <span class='ocrx_word' id='word_1_158' title='bbox 374 1903 523 1944; x_wconf 81' lang='lat' dir='ltr'><strong>Sapphici</strong></span> <span class='ocrx_word' id='word_1_159' title='bbox 551 1915 730 1935; x_wconf 85' lang='lat' dir='ltr'><strong>mensuram</strong></span> 
     </span>
     <span class='ocr_line' id='line_1_38' title="bbox 164 1948 730 1992; baseline 0.005 -14"><span class='ocrx_word' id='word_1_160' title='bbox 164 1948 307 1987; x_wconf 78' lang='lat' dir='ltr'><strong>excedit3</strong></span> <span class='ocrx_word' id='word_1_161' title='bbox 326 1948 438 1979; x_wconf 83' lang='lat' dir='ltr'><strong>ultima</strong></span> <span class='ocrx_word' id='word_1_162' title='bbox 458 1950 577 1992; x_wconf 81' lang='lat' dir='ltr'><strong>syllaba</strong></span> <span class='ocrx_word' id='word_1_163' title='bbox 600 1950 640 1980; x_wconf 90' lang='lat' dir='ltr'><strong>ad</strong></span> <span class='ocrx_word' id='word_1_164' title='bbox 661 1962 730 1981; x_wconf 90' lang='lat' dir='ltr'><strong>ver-</strong></span> 
     </span>
     <span class='ocr_line' id='line_1_39' title="bbox 163 1997 729 2038; baseline 0.009 -15"><span class='ocrx_word' id='word_1_165' title='bbox 163 2004 235 2024; x_wconf 90' lang='lat' dir='ltr'><strong>sum</strong></span> <span class='ocrx_word' id='word_1_166' title='bbox 257 2002 442 2035; x_wconf 87' lang='lat' dir='ltr'><strong>sequentem</strong></span> <span class='ocrx_word' id='word_1_167' title='bbox 460 1997 614 2038; x_wconf 87' lang='lat' dir='ltr'><strong>pertinet,</strong></span> <span class='ocrx_word' id='word_1_168' title='bbox 638 1998 729 2036; x_wconf 87' lang='lat' dir='ltr'><strong>cujus</strong></span> 
     </span>
     <span class='ocr_line' id='line_1_40' title="bbox 163 2040 730 2075; baseline 0.007 -5"><span class='ocrx_word' id='word_1_169' title='bbox 163 2040 255 2072; x_wconf 87' lang='lat' dir='ltr'><strong>initio</strong></span> <span class='ocrx_word' id='word_1_170' title='bbox 292 2041 431 2074; x_wconf 87' lang='lat' dir='ltr'><strong>eliditur.</strong></span> <span class='ocrx_word' id='word_1_171' title='bbox 466 2043 638 2074; x_wconf 83' lang='lat' dir='ltr'><strong>Familiaris</strong></span> <span class='ocrx_word' id='word_1_172' title='bbox 683 2051 730 2075; x_wconf 87' lang='lat' dir='ltr'><strong>est</strong></span> 
     </span>
    </p>
   </div>
   <div class='ocr_carea' id='block_1_9' title="bbox 779 885 1370 2086">
    <p class='ocr_par' dir='ltr' id='par_1_10' title="bbox 779 885 1370 2086">
     <span class='ocr_line' id='line_1_41' title="bbox 799 885 1370 932; baseline -0.007 -11"><span class='ocrx_word' id='word_1_173' title='bbox 799 892 909 932; x_wconf 83' lang='lat' dir='ltr'><strong>graecis</strong></span> <span class='ocrx_word' id='word_1_174' title='bbox 947 889 1048 932; x_wconf 85' lang='lat' dir='ltr'><strong>poetis</strong></span> <span class='ocrx_word' id='word_1_175' title='bbox 1083 887 1225 925; x_wconf 82' lang='lat' dir='ltr'><strong>licentia;</strong></span> <span class='ocrx_word' id='word_1_176' title='bbox 1267 885 1370 918; x_wconf 79' lang='lat' dir='ltr'><strong>multo</strong></span> 
     </span>
     <span class='ocr_line' id='line_1_42' title="bbox 800 934 1367 975; baseline -0.007 -8"><span class='ocrx_word' id='word_1_177' title='bbox 800 938 900 967; x_wconf 80' lang='lat' dir='ltr'><strong>rarior</strong></span> <span class='ocrx_word' id='word_1_178' title='bbox 922 938 955 967; x_wconf 90' lang='lat' dir='ltr'><strong>in</strong></span> <span class='ocrx_word' id='word_1_179' title='bbox 975 935 1092 969; x_wconf 80' lang='lat' dir='ltr'><strong>Latinis</strong></span> <span class='ocrx_word' id='word_1_180' title='bbox 1103 956 1111 970; x_wconf 95' lang='lat'>‚</span> <span class='ocrx_word' id='word_1_181' title='bbox 1125 935 1182 975; x_wconf 86' lang='lat' dir='ltr'><strong>qui</strong></span> <span class='ocrx_word' id='word_1_182' title='bbox 1195 934 1303 964; x_wconf 74' lang='lat' dir='ltr'><strong>Musas</strong></span> <span class='ocrx_word' id='word_1_183' title='bbox 1316 943 1367 964; x_wconf 92' lang='lat' dir='ltr'><strong>co-</strong></span> 
     </span>
     <span class='ocr_line' id='line_1_43' title="bbox 798 979 1367 1013; baseline -0.007 0"><span class='ocrx_word' id='word_1_184' title='bbox 798 983 870 1013; x_wconf 91' lang='lat' dir='ltr'><strong>lunt</strong></span> <span class='ocrx_word' id='word_1_185' title='bbox 890 983 1071 1013; x_wconf 76' lang='lat' dir='ltr'><strong>severiores,</strong></span> <span class='ocrx_word' id='word_1_186' title='bbox 1087 998 1134 1003; x_wconf 92' lang='lat'><strong>—-</strong></span> <span class='ocrx_word' id='word_1_187' title='bbox 1147 979 1253 1010; x_wconf 80' lang='lat' dir='ltr'><strong>Virtus</strong></span> <span class='ocrx_word' id='word_1_188' title='bbox 1271 990 1282 1009; x_wconf 91' lang='lat'><strong>.·</strong></span> <span class='ocrx_word' id='word_1_189' title='bbox 1306 980 1367 1010; x_wconf 88' lang='lat' dir='ltr'><strong>viri</strong></span> 
     </span>
     <span class='ocr_line' id='line_1_44' title="bbox 797 1027 1365 1070; baseline -0.005 -11"><span class='ocrx_word' id='word_1_190' title='bbox 797 1029 910 1070; x_wconf 87' lang='lat' dir='ltr'><strong>probi,</strong></span> <span class='ocrx_word' id='word_1_191' title='bbox 930 1027 1106 1059; x_wconf 82' lang='lat' dir='ltr'><strong>virtutibus</strong></span> <span class='ocrx_word' id='word_1_192' title='bbox 1133 1027 1255 1064; x_wconf 89' lang='lat' dir='ltr'><strong>ornati,</strong></span> <span class='ocrx_word' id='word_1_193' title='bbox 1277 1032 1365 1056; x_wconf 86' lang='lat' dir='ltr'><strong>recto</strong></span> 
     </span>
     <span class='ocr_line' id='line_1_45' title="bbox 797 1072 1362 1116; baseline -0.007 -10"><span class='ocrx_word' id='word_1_194' title='bbox 797 1075 922 1116; x_wconf 77' lang='lat' dir='ltr'><strong>praediti</strong></span> <span class='ocrx_word' id='word_1_195' title='bbox 947 1074 1080 1114; x_wconf 83' lang='lat' dir='ltr'><strong>judicio.</strong></span> <span class='ocrx_word' id='word_1_196' title='bbox 1102 1072 1222 1104; x_wconf 89' lang='lat' dir='ltr'><strong>Eodem</strong></span> <span class='ocrx_word' id='word_1_197' title='bbox 1248 1082 1362 1110; x_wconf 86' lang='lat' dir='ltr'><strong>sensu,</strong></span> 
     </span>
     <span class='ocr_line' id='line_1_46' title="bbox 795 1117 1362 1159; baseline -0.007 -7"><span class='ocrx_word' id='word_1_198' title='bbox 795 1123 859 1152; x_wconf 85' lang='lat' dir='ltr'><strong>Sat.</strong></span> <span class='ocrx_word' id='word_1_199' title='bbox 876 1123 907 1159; x_wconf 88' lang='grc' dir='ltr'><strong>Ι,</strong></span> <span class='ocrx_word' id='word_1_200' title='bbox 927 1122 963 1159; x_wconf 84' lang='grc'><strong>3,</strong></span> <span class='ocrx_word' id='word_1_201' title='bbox 983 1127 1025 1157; x_wconf 78' lang='lat'><strong>42</strong></span> <span class='ocrx_word' id='word_1_202' title='bbox 1042 1130 1053 1149; x_wconf 90' lang='lat'><em>:</em></span> <span class='ocrx_word' id='word_1_203' title='bbox 1075 1119 1199 1149; x_wconf 83' lang='lat' dir='ltr'><strong>Vellem</strong></span> <span class='ocrx_word' id='word_1_204' title='bbox 1223 1119 1257 1150; x_wconf 85' lang='lat' dir='ltr'><strong>in</strong></span> <span class='ocrx_word' id='word_1_205' title='bbox 1280 1117 1362 1150; x_wconf 83' lang='lat' dir='ltr'><strong>ami-</strong></span> 
     </span>
     <span class='ocr_line' id='line_1_47' title="bbox 793 1165 1362 1202; baseline 0 -6"><span class='ocrx_word' id='word_1_206' title='bbox 793 1165 873 1198; x_wconf 63' lang='lat' dir='ltr'><strong>citici</strong></span> <span class='ocrx_word' id='word_1_207' title='bbox 898 1166 943 1197; x_wconf 80' lang='lat' dir='ltr'><strong>sic</strong></span> <span class='ocrx_word' id='word_1_208' title='bbox 965 1177 1158 1202; x_wconf 83' lang='lat' dir='ltr'><strong>erraremus,</strong></span> <span class='ocrx_word' id='word_1_209' title='bbox 1177 1172 1210 1196; x_wconf 84' lang='lat' dir='ltr'><strong>ec</strong></span> <span class='ocrx_word' id='word_1_210' title='bbox 1229 1165 1282 1197; x_wconf 76' lang='lat' dir='ltr'><strong>isti</strong></span> <span class='ocrx_word' id='word_1_211' title='bbox 1302 1167 1362 1196; x_wconf 75' lang='lat' dir='ltr'><strong>Er-</strong></span> 
     </span>
     <span class='ocr_line' id='line_1_48' title="bbox 792 1212 1362 1253; baseline -0.002 -11"><span class='ocrx_word' id='word_1_212' title='bbox 792 1213 873 1250; x_wconf 86' lang='lat' dir='ltr'><strong>rori,</strong></span> <span class='ocrx_word' id='word_1_213' title='bbox 907 1224 1023 1244; x_wconf 82' lang='lat' dir='ltr'><strong>nomen</strong></span> <span class='ocrx_word' id='word_1_214' title='bbox 1065 1212 1169 1242; x_wconf 78' lang='lat' dir='ltr'><strong>virtus</strong></span> <span class='ocrx_word' id='word_1_215' title='bbox 1201 1212 1362 1253; x_wconf 74' lang='lat' dir='ltr'><strong>posuisset</strong></span> 
     </span>
     <span class='ocr_line' id='line_1_49' title="bbox 792 1258 1359 1301; baseline 0.002 -12"><span class='ocrx_word' id='word_1_216' title='bbox 792 1258 967 1290; x_wconf 77' lang='lat' dir='ltr'><strong>honestum.</strong></span> <span class='ocrx_word' id='word_1_217' title='bbox 978 1277 1025 1283; x_wconf 94' lang='lat'>—</span> <span class='ocrx_word' id='word_1_218' title='bbox 1038 1259 1257 1301; x_wconf 79' lang='lat' dir='ltr'><strong>Populumque</strong></span> <span class='ocrx_word' id='word_1_219' title='bbox 1270 1270 1281 1290; x_wconf 92' lang='grc'><strong>.·</strong></span> <span class='ocrx_word' id='word_1_220' title='bbox 1293 1259 1359 1300; x_wconf 85' lang='lat' dir='ltr'><strong>ple-</strong></span> 
     </span>
     <span class='ocr_line' id='line_1_50' title="bbox 790 1305 1359 1348; baseline 0.002 -12"><span class='ocrx_word' id='word_1_221' title='bbox 790 1305 1002 1348; x_wconf 85' lang='lat' dir='ltr'><strong>bem‚vulgus,</strong></span> <span class='ocrx_word' id='word_1_222' title='bbox 1010 1306 1102 1344; x_wconf 87' lang='lat' dir='ltr'><strong>cujus</strong></span> <span class='ocrx_word' id='word_1_223' title='bbox 1110 1306 1277 1345; x_wconf 85' lang='lat' dir='ltr'><strong>opiniones</strong></span> <span class='ocrx_word' id='word_1_224' title='bbox 1285 1316 1359 1337; x_wconf 87' lang='lat' dir='ltr'><strong>cum</strong></span> 
     </span>
     <span class='ocr_line' id='line_1_51' title="bbox 788 1351 1358 1394; baseline 0.002 -12"><span class='ocrx_word' id='word_1_225' title='bbox 788 1352 1054 1394; x_wconf 82' lang='lat' dir='ltr'><strong>philosophorum</strong></span> <span class='ocrx_word' id='word_1_226' title='bbox 1064 1351 1187 1391; x_wconf 87' lang='lat' dir='ltr'><strong>judicio</strong></span> <span class='ocrx_word' id='word_1_227' title='bbox 1201 1361 1268 1383; x_wconf 90' lang='lat' dir='ltr'><strong>non</strong></span> <span class='ocrx_word' id='word_1_228' title='bbox 1282 1362 1358 1383; x_wconf 87' lang='lat' dir='ltr'><strong>con-</strong></span> 
     </span>
     <span class='ocr_line' id='line_1_52' title="bbox 788 1397 1359 1440; baseline 0.002 -12"><span class='ocrx_word' id='word_1_229' title='bbox 788 1400 940 1430; x_wconf 84' lang='lat' dir='ltr'><strong>sentiunt.</strong></span> <span class='ocrx_word' id='word_1_230' title='bbox 951 1401 1142 1440; x_wconf 77' lang='lat' dir='ltr'><strong>-Regnum</strong></span> <span class='ocrx_word' id='word_1_231' title='bbox 1161 1405 1193 1428; x_wconf 82' lang='lat' dir='ltr'><strong>ee</strong></span> <span class='ocrx_word' id='word_1_232' title='bbox 1205 1397 1359 1429; x_wconf 80' lang='lat' dir='ltr'><strong>diadema</strong></span> 
     </span>
     <span class='ocr_line' id='line_1_53' title="bbox 788 1444 1355 1486; baseline 0.002 -12"><span class='ocrx_word' id='word_1_233' title='bbox 788 1452 889 1476; x_wconf 84' lang='lat' dir='ltr'><strong>tutum</strong></span> <span class='ocrx_word' id='word_1_234' title='bbox 906 1457 917 1475; x_wconf 89' lang='grc'><strong>.-</strong></span> <span class='ocrx_word' id='word_1_235' title='bbox 931 1446 947 1476; x_wconf 70' lang='lat' dir='ltr'><strong>e</strong></span> <span class='ocrx_word' id='word_1_236' title='bbox 964 1445 1143 1476; x_wconf 77' lang='lat' dir='ltr'><strong>Stoicorum</strong></span> <span class='ocrx_word' id='word_1_237' title='bbox 1155 1444 1355 1486; x_wconf 63' lang='lat' dir='ltr'><strong>philosophia</strong></span> 
     </span>
     <span class='ocr_line' id='line_1_54' title="bbox 787 1490 1356 1522; baseline 0.002 -2"><span class='ocrx_word' id='word_1_238' title='bbox 787 1493 950 1522; x_wconf 84' lang='lat' dir='ltr'><strong>sententiae</strong></span> <span class='ocrx_word' id='word_1_239' title='bbox 965 1491 1104 1522; x_wconf 88' lang='lat' dir='ltr'><strong>colorem</strong></span> <span class='ocrx_word' id='word_1_240' title='bbox 1114 1491 1210 1521; x_wconf 81' lang='lat' dir='ltr'><strong>fuisse</strong></span> <span class='ocrx_word' id='word_1_241' title='bbox 1223 1490 1356 1522; x_wconf 82' lang='lat' dir='ltr'><strong>ductum</strong></span> 
     </span>
     <span class='ocr_line' id='line_1_55' title="bbox 788 1536 1356 1582; baseline 0.004 -17"><span class='ocrx_word' id='word_1_242' title='bbox 788 1536 879 1568; x_wconf 78' lang='lat' dir='ltr'><strong>facile</strong></span> <span class='ocrx_word' id='word_1_243' title='bbox 901 1544 1040 1579; x_wconf 85' lang='lat' dir='ltr'><strong>apparet.</strong></span> <span class='ocrx_word' id='word_1_244' title='bbox 1070 1537 1250 1582; x_wconf 44' lang='lat' dir='ltr'><strong>Stoicorum</strong></span> <span class='ocrx_word' id='word_1_245' title='bbox 1271 1536 1356 1567; x_wconf 85' lang='lat' dir='ltr'><strong>enim</strong></span> 
     </span>
     <span class='ocr_line' id='line_1_56' title="bbox 784 1582 1356 1624; baseline 0.002 -12"><span class='ocrx_word' id='word_1_246' title='bbox 784 1583 921 1621; x_wconf 86' lang='lat' dir='ltr'><strong>judicio,</strong></span> <span class='ocrx_word' id='word_1_247' title='bbox 948 1583 1076 1624; x_wconf 79' lang='lat' dir='ltr'><strong>sapiens</strong></span> <span class='ocrx_word' id='word_1_248' title='bbox 1099 1594 1162 1613; x_wconf 87' lang='lat' dir='ltr'><strong>uno</strong></span> <span class='ocrx_word' id='word_1_249' title='bbox 1185 1582 1290 1613; x_wconf 57' lang='lat' dir='ltr'><strong>„sinor</strong></span> <span class='ocrx_word' id='word_1_250' title='bbox 1309 1591 1356 1613; x_wconf 84' lang='lat' dir='ltr'><strong>esc</strong></span> 
     </span>
     <span class='ocr_line' id='line_1_57' title="bbox 786 1628 1350 1666; baseline 0.002 -8"><span class='ocrx_word' id='word_1_251' title='bbox 786 1631 881 1666; x_wconf 84' lang='lat' dir='ltr'><strong>Jove,</strong></span> <span class='ocrx_word' id='word_1_252' title='bbox 899 1630 1009 1666; x_wconf 69' lang='lat' dir='ltr'><strong>Dives,</strong></span> <span class='ocrx_word' id='word_1_253' title='bbox 1032 1628 1142 1666; x_wconf 86' lang='lat' dir='ltr'><strong>Liber,</strong></span> <span class='ocrx_word' id='word_1_254' title='bbox 1164 1629 1350 1665; x_wconf 75' lang='lat' dir='ltr'><strong>honoratus,</strong></span> 
     </span>
     <span class='ocr_line' id='line_1_58' title="bbox 779 1675 1353 1717; baseline 0.002 -13"><span class='ocrx_word' id='word_1_255' title='bbox 779 1675 929 1715; x_wconf 76' lang='lat' dir='ltr'><strong>pulcher,</strong></span> <span class='ocrx_word' id='word_1_256' title='bbox 962 1686 1021 1706; x_wconf 74' lang='lat' dir='ltr'><strong>rex</strong></span> <span class='ocrx_word' id='word_1_257' title='bbox 1058 1675 1196 1716; x_wconf 70' lang='lat' dir='ltr'><strong>denique}</strong></span> <span class='ocrx_word' id='word_1_258' title='bbox 1229 1686 1353 1717; x_wconf 79' lang='lat' dir='ltr'><strong>regum;</strong></span> 
     </span>
     <span class='ocr_line' id='line_1_59' title="bbox 782 1721 1353 1763; baseline 0.002 -12"><span class='ocrx_word' id='word_1_259' title='bbox 782 1721 882 1760; x_wconf 65' lang='lat' dir='ltr'><strong>infr-³1,</strong></span> <span class='ocrx_word' id='word_1_260' title='bbox 904 1723 1002 1763; x_wconf 89' lang='lat' dir='ltr'><strong>Epist.</strong></span> <span class='ocrx_word' id='word_1_261' title='bbox 1018 1724 1050 1760; x_wconf 91' lang='lat'><strong>1,</strong></span> <span class='ocrx_word' id='word_1_262' title='bbox 1084 1732 1096 1751; x_wconf 94' lang='lat'>1</span> <span class='ocrx_word' id='word_1_263' title='bbox 1112 1745 1121 1760; x_wconf 90' lang='lat'>‚</span> <span class='ocrx_word' id='word_1_264' title='bbox 1148 1722 1223 1753; x_wconf 86' lang='lat'>106.</span> <span class='ocrx_word' id='word_1_265' title='bbox 1253 1723 1353 1754; x_wconf 88' lang='lat' dir='ltr'><strong>Sensu</strong></span> 
     </span>
     <span class='ocr_line' id='line_1_60' title="bbox 783 1768 1350 1810; baseline 0.002 -12"><span class='ocrx_word' id='word_1_266' title='bbox 783 1768 885 1798; x_wconf 72' lang='lat' dir='ltr'><strong>multo</strong></span> <span class='ocrx_word' id='word_1_267' title='bbox 904 1769 1059 1799; x_wconf 86' lang='lat' dir='ltr'><strong>strictiore</strong></span> <span class='ocrx_word' id='word_1_268' title='bbox 1078 1768 1267 1810; x_wconf 86' lang='lat' dir='ltr'><strong>intelligeret</strong></span> <span class='ocrx_word' id='word_1_269' title='bbox 1283 1769 1350 1799; x_wconf 82' lang='lat' dir='ltr'><strong>Ho-</strong></span> 
     </span>
     <span class='ocr_line' id='line_1_61' title="bbox 783 1814 1352 1855; baseline 0.002 -11"><span class='ocrx_word' id='word_1_270' title='bbox 783 1815 898 1844; x_wconf 85' lang='lat' dir='ltr'><strong>ratium</strong></span> <span class='ocrx_word' id='word_1_271' title='bbox 921 1816 976 1855; x_wconf 90' lang='lat' dir='ltr'><strong>qui</strong></span> <span class='ocrx_word' id='word_1_272' title='bbox 999 1815 1186 1845; x_wconf 75' lang='lat' dir='ltr'><strong>sententiam</strong></span> <span class='ocrx_word' id='word_1_273' title='bbox 1208 1814 1246 1845; x_wconf 88' lang='lat' dir='ltr'><strong>ad</strong></span> <span class='ocrx_word' id='word_1_274' title='bbox 1267 1815 1352 1845; x_wconf 86' lang='lat' dir='ltr'><strong>viros</strong></span> 
     </span>
     <span class='ocr_line' id='line_1_62' title="bbox 783 1860 1350 1902; baseline 0.002 -12"><span class='ocrx_word' id='word_1_275' title='bbox 783 1861 959 1901; x_wconf 86' lang='lat' dir='ltr'><strong>principes,</strong></span> <span class='ocrx_word' id='word_1_276' title='bbox 981 1860 1020 1890; x_wconf 89' lang='lat' dir='ltr'><strong>ad</strong></span> <span class='ocrx_word' id='word_1_277' title='bbox 1044 1866 1208 1902; x_wconf 86' lang='lat' dir='ltr'><strong>regnantes</strong></span> <span class='ocrx_word' id='word_1_278' title='bbox 1234 1861 1350 1892; x_wconf 85' lang='lat' dir='ltr'><strong>referre</strong></span> 
     </span>
     <span class='ocr_line' id='line_1_63' title="bbox 783 1906 1350 1938; baseline 0.002 -2"><span class='ocrx_word' id='word_1_279' title='bbox 783 1906 888 1937; x_wconf 82' lang='lat' dir='ltr'><strong>vellet.</strong></span> <span class='ocrx_word' id='word_1_280' title='bbox 906 1924 952 1931; x_wconf 90' lang='lat'><strong>-—</strong></span> <span class='ocrx_word' id='word_1_281' title='bbox 970 1906 1069 1937; x_wconf 85' lang='lat' dir='ltr'><strong>Oculo</strong></span> <span class='ocrx_word' id='word_1_282' title='bbox 1095 1906 1238 1937; x_wconf 79' lang='lat' dir='ltr'><strong>irretorco</strong></span> <span class='ocrx_word' id='word_1_283' title='bbox 1253 1918 1265 1936; x_wconf 91' lang='lat'><strong>.·</strong></span> <span class='ocrx_word' id='word_1_284' title='bbox 1284 1908 1350 1938; x_wconf 87' lang='lat' dir='ltr'><strong>sive</strong></span> 
     </span>
     <span class='ocr_line' id='line_1_64' title="bbox 783 1953 1351 1994; baseline 0.004 -12"><span class='ocrx_word' id='word_1_285' title='bbox 783 1959 889 1988; x_wconf 89' lang='lat' dir='ltr'><strong>recto,</strong></span> <span class='ocrx_word' id='word_1_286' title='bbox 908 1959 940 1983; x_wconf 88' lang='lat' dir='ltr'><strong>et</strong></span> <span class='ocrx_word' id='word_1_287' title='bbox 963 1964 1058 1994; x_wconf 88' lang='lat' dir='ltr'><strong>quem</strong></span> <span class='ocrx_word' id='word_1_288' title='bbox 1080 1963 1146 1983; x_wconf 85' lang='lat' dir='ltr'><strong>non</strong></span> <span class='ocrx_word' id='word_1_289' title='bbox 1167 1953 1351 1994; x_wconf 86' lang='lat' dir='ltr'><strong>perstringit</strong></span> 
     </span>
     <span class='ocr_line' id='line_1_65' title="bbox 782 1998 1347 2040; baseline 0.005 -13"><span class='ocrx_word' id='word_1_290' title='bbox 782 2000 851 2028; x_wconf 84' lang='lat' dir='ltr'><strong>auri</strong></span> <span class='ocrx_word' id='word_1_291' title='bbox 865 1998 970 2040; x_wconf 86' lang='lat' dir='ltr'><strong>fulgor</strong></span> <span class='ocrx_word' id='word_1_292' title='bbox 980 2001 1070 2038; x_wconf 66' lang='lat' dir='ltr'><strong>;‘sive</strong></span> <span class='ocrx_word' id='word_1_293' title='bbox 1085 2009 1152 2030; x_wconf 87' lang='lat' dir='ltr'><strong>non</strong></span> <span class='ocrx_word' id='word_1_294' title='bbox 1167 1999 1260 2038; x_wconf 83' lang='lat' dir='ltr'><strong>limo,</strong></span> <span class='ocrx_word' id='word_1_295' title='bbox 1280 2009 1347 2030; x_wconf 86' lang='lat' dir='ltr'><strong>non</strong></span> 
     </span>
     <span class='ocr_line' id='line_1_66' title="bbox 783 2043 1150 2086; baseline 0.005 -12"><span class='ocrx_word' id='word_1_296' title='bbox 783 2043 915 2086; x_wconf 88' lang='lat' dir='ltr'><strong>obliquo</strong></span> <span class='ocrx_word' id='word_1_297' title='bbox 926 2067 935 2084; x_wconf 87' lang='lat'>,</span> <span class='ocrx_word' id='word_1_298' title='bbox 950 2056 1016 2077; x_wconf 90' lang='lat' dir='ltr'><strong>non</strong></span> <span class='ocrx_word' id='word_1_299' title='bbox 1029 2045 1150 2077; x_wconf 89' lang='lat' dir='ltr'><strong>invido.</strong></span> 
     </span>
    </p>
   </div>
   <div class='ocr_carea' id='block_1_10' title="bbox 586 2189 924 2219">
    <p class='ocr_par' dir='ltr' id='par_1_11' title="bbox 586 2189 924 2219">
     <span class='ocr_line' id='line_1_67' title="bbox 586 2189 924 2219; baseline 0.012 -12"><span class='ocrx_word' id='word_1_300' title='bbox 586 2189 924 2219; x_wconf 51' lang='grc' dir='ltr'>ψ</span> 
     </span>
    </p>
   </div>
  </div>
 </body>
</html>
