1456 2508
485 448 657 506 ODE
684 445 919 504 NONA

416 607 510 651 AD
556 607 609 650 T.
661 604 1013 649 VALGIUM.

107 771 259 805 Amicum
288 770 450 808 hortatur,
477 777 512 800 ut
534 770 652 809 Mystoe
675 766 862 809 cujusdam,
882 778 978 810 quem
995 767 1066 812 filii
1083 768 1155 799 Ioco
1171 767 1329 804 habuisse,

153 826 270 858 saltem
286 824 460 856 tenerrimo
475 832 588 855 amore
603 823 776 866 amplexus
786 833 853 854 esse
868 822 1011 860 videtur,
1030 830 1163 854 monem
1176 822 1329 854 immode-

156 881 234 913 ratis
248 879 392 912 lacrimis
400 879 558 922 prosequi
569 878 708 910 desinat.

214 1006 304 1044 Non
323 1015 475 1054 semper
495 1001 638 1040 imbres
663 1015 672 1029 ¹
690 1000 861 1040 nubibus
887 1001 1064 1053 hispidos

215 1069 376 1104 Manant
394 1065 434 1102 in
454 1077 586 1115 agros,
607 1071 674 1101 aut
692 1076 798 1100 mare
819 1063 1000 1115 Caspium

268 1128 422 1166 Vexant
441 1126 647 1177 inaequales
668 1125 851 1177 procellae

323 1190 478 1239 Usque3
496 1201 568 1227 nec
586 1187 779 1225 Armeniis
799 1187 839 1224 in
859 1187 954 1234 oris,

215 1250 350 1290 Amice
363 1250 477 1301 Valgi
495 1257 528 1298 ²,
548 1258 623 1288 stat
640 1250 779 1301 glacies
799 1249 902 1287 iners
1322 1258 1334 1282 ⁵

217 1315 370 1352 Menses
389 1325 460 1363 per
479 1323 630 1361 omnes,
649 1320 715 1349 aut
734 1308 995 1362 Aquilonibus

167 1458 196 1480 1.
213 1449 290 1479 Non
310 1447 439 1489 semper
461 1446 575 1478 imbres
592 1457 603 1477 :
619 1458 698 1478 con-

116 1495 278 1527 solaturus
299 1502 436 1536 poetam
468 1493 563 1537 (vide
592 1493 699 1537 infra)

115 1541 262 1585 poetici,
279 1549 318 1573 nt
337 1540 383 1572 ita
402 1541 506 1572 dicam
518 1564 528 1580 ‚
551 1541 699 1573 consola-

117 1590 207 1621 tione
244 1590 358 1620 utitur.
398 1591 479 1632 Lege
519 1596 552 1620 et
589 1588 701 1619 confer

116 1635 368 1679 pulcherrimam
384 1636 461 1668 clar.
480 1637 543 1666 viri
571 1637 703 1667 Gresset

119 1683 222 1722 eden,
241 1682 446 1725 quamatris,
466 1684 625 1714 continuo
643 1682 702 1714 do-

117 1730 182 1762 lori
197 1728 243 1762 ob
257 1731 402 1761 amissam
418 1729 519 1761 filiam
533 1730 703 1773 indulgen-

119 1778 180 1817 tis,
202 1777 331 1809 luctum
343 1785 348 1788 ⁴
362 1775 520 1808 similibus
557 1777 624 1808 fere
657 1788 703 1808 ar-

120 1825 283 1868 gumentis
298 1831 330 1855 et
344 1824 638 1866 comparationibus
651 1824 705 1855 de-

120 1871 216 1903 linire
256 1878 404 1903 conatur.
435 1889 483 1896 —
514 1870 668 1913 Hispidos
691 1883 703 1902 :

121 1912 227 1962 ffinago
241 1917 378 1950 deducta
392 1918 432 1949 ab
444 1919 576 1950 homine
586 1942 595 1957 ,
611 1920 704 1959 cujus

122 1973 288 2008 aspectum
310 1964 431 2009 hispidi
452 1966 629 2008 praesertim
650 1976 702 1997 ca-

122 2012 193 2055 pilli
209 2013 388 2044 deformem
402 2020 434 2044 et
446 2013 646 2044 horrendum
661 2013 705 2043 fa-

124 2061 229 2092 ciunt.
252 2059 304 2091 Sic
326 2066 359 2090 et
386 2070 478 2103 agros
495 2060 615 2091 imbres
633 2071 706 2102 per-

121 2108 215 2149 petui
239 2106 423 2149 deturpant.
440 2125 487 2131 —
506 2109 600 2138 Mare
626 2107 704 2139 Cas-

117 2154 212 2196 pium
238 2166 250 2185 .-
279 2156 383 2186 Lacus
414 2155 590 2186 immensus
603 2177 614 2194 ‚
646 2165 704 2186 seu

121 2199 251 2243 potius,
272 2211 359 2232 mare
375 2201 646 2233 mediterraneum
670 2203 708 2233 in

122 2247 215 2288 Anii,
250 2250 422 2291 antiquum
456 2259 578 2280 nomen
605 2248 704 2281 hodie

122 2296 283 2336 atinam,
300 2297 386 2328 inter
412 2295 574 2330 Persidem
599 2295 616 2328 ἐι
643 2307 706 2328 me-

753 1445 835 1477 ridie
844 1468 855 1484 ,
869 1445 1057 1477 Armeniam
1070 1444 1110 1475 ab
1121 1455 1235 1476 occasu
1246 1469 1255 1485 ,
1267 1448 1342 1478 Tar-

755 1495 868 1525 tariam
882 1492 900 1524 a
913 1493 1158 1534 septentrione,
1170 1499 1201 1523 et
1213 1493 1340 1525 Indiam

758 1542 798 1572 ab
831 1542 974 1578 oriente,
1001 1546 1201 1582 porrectum.
1217 1558 1266 1565 —
1286 1543 1340 1572 In-

755 1588 900 1631 oequales
916 1587 1074 1629 procellae
1101 1599 1113 1619 .·
1145 1588 1214 1619 sive
1226 1611 1235 1627 ,
1251 1589 1341 1632 quod

754 1635 907 1678 procellae
927 1635 1144 1676 inaequaliter,
1155 1635 1189 1667 h.
1198 1647 1227 1668 e.
1238 1638 1342 1676 vario,

755 1682 890 1714 turbido
924 1689 956 1714 et
986 1679 1192 1714 inconstante
1215 1684 1343 1727 impetu

756 1730 932 1769 decidunt,
957 1730 1024 1761 sive
1054 1729 1145 1772 quod
1175 1742 1263 1763 mare
1295 1735 1344 1764 in-

757 1777 879 1820 aequale
896 1777 1038 1809 reddunt
1048 1801 1057 1817 ‚
1074 1785 1105 1808 et
1120 1778 1250 1810 solitam
1261 1779 1342 1812 fluc-

757 1832 853 1856 tuum
868 1825 1036 1867 planitiem
1048 1825 1257 1858 subvertunt.

807 1883 838 1903 2.
873 1872 990 1903 Amice
1023 1872 1124 1915 Valgi
1149 1885 1162 1903 :
1190 1875 1342 1918 Valgium

756 1919 849 1951 illum
864 1920 1090 1951 honestissime
1102 1922 1249 1953 nominat
1263 1924 1344 1955 Nos.

757 1972 826 2005 ter,
841 1969 906 1999 Sat.
924 1969 939 1998 1
951 1990 960 2006 ,
984 1978 1024 1998 10
1036 1991 1044 2006 ‚
1065 1967 1106 1999 82
1119 1991 1127 2005 ‚
1148 1978 1224 1999 cum
1242 1971 1343 2004 Vario

757 2020 790 2045 et
809 2014 967 2056 Virgili03
993 2022 1091 2056 poeta
1123 2016 1234 2056 epicus
1261 2018 1340 2060 fuit,

758 2061 798 2092 de
814 2072 881 2103 quo
898 2062 1068 2101 Tibullus,
1091 2063 1138 2093 IV
1150 2085 1159 2099 ,
1191 2074 1203 2092 1
1219 2086 1228 2102 ‚
1259 2067 1342 2100 180:

759 2109 821 2140 Est
846 2108 904 2139 tibi
927 2110 984 2151 qui
1009 2108 1115 2151 possit
1148 2112 1279 2153 magnis
1309 2126 1343 2146 se

759 2155 932 2199 accingere
953 2156 1045 2188 rebus
1073 2156 1210 2199 Valgius
1215 2170 1230 2195 ,·
1251 2168 1343 2192 ωεσ-

760 2214 802 2234 ηο
816 2203 954 2245 propior
986 2215 1052 2234 non
1079 2203 1167 2234 alter
1187 2205 1341 2242 Homero,

757 2252 835 2283 Non
849 2250 956 2282 solum
970 2252 1110 2283 carmina
1126 2252 1195 2291 ejus
1205 2275 1214 2292 ,
1228 2254 1283 2285 sed
1296 2258 1344 2299 ip-

759 2307 813 2331 sos
844 2299 1024 2331 carminum
1058 2298 1170 2330 titulos
1198 2300 1341 2336 abolevit

1106 2365 1174 2402 15*
