1456 2508
232 132 298 163 286

616 136 658 175 Q.
682 134 864 166 HOMTH
888 133 1037 167 meet

420 423 583 480 ODE
626 422 944 480 DECIMA
986 399 1248 483 SEXTA

563 577 647 620 AD
681 578 1087 625 MAECENATEM.

230 740 319 771 Auro
345 737 455 769 omnia
479 745 611 779 patere,
639 750 750 770 aurum
780 741 892 770 tamt-En
918 741 1033 772 summi
1054 740 1134 772 mali
1163 741 1327 774 maceriem
1353 755 1419 775 esse

275 800 372 835 atque
405 792 654 829 irritamentum,
688 793 844 834 exemplis
868 793 1029 836 sabulosis
1057 795 1184 836 pariter
1207 803 1303 838 atque
1327 797 1420 828 histo·

274 847 348 878 ricis
361 847 558 878 demonstrat
569 847 731 878 Horatius.
747 849 932 878 Tractatum
945 848 1014 888 jlzm
1029 848 1141 889 πυρίας
1154 849 1217 879 ὰεε
1229 850 1417 881 sententiam

274 902 378 932 mrsics
390 901 537 939 illustrat,
550 901 667 931 scilicet
681 901 893 932 miserrimam
904 913 970 933 esse
981 902 1108 933 divitum
1123 903 1349 942 conditionem,
1359 915 1419 935 ‘ve-

274 967 345 987 ram
359 955 552 998 filtcitatem
574 955 607 985 in
634 954 735 986 αιινεᾶ
758 955 978 987 mediocritate
989 964 1151 998 posnam,
1174 969 1270 999 seque
1297 958 1417 990 Sabino

262 1012 331 1041 ‘suo
338 1009 505 1051 proedzolo
512 1016 693 1039 contentum
703 1032 712 1046 ‚
721 1008 983 1051 fortunatissun&
997 1010 1115 1042 vivere.
1126 1011 1300 1044 Maecenati
1308 1020 1416 1055 grates

275 1063 357 1106 agit,
375 1063 428 1094 cui
446 1069 563 1094 sortem
577 1073 666 1093 suam
680 1070 847 1104 acceptam
862 1063 969 1106 refert.

333 1205 527 1240 INCLUSAM
542 1203 697 1240 Danac'n
726 1211 735 1226 ¹
757 1202 872 1240 turris
890 1203 1032 1241 ahenea
1046 1227 1077 1249 ‚l
1183 1203 1229 1261 Ι

332 1261 588 1311 Robustaeque
607 1261 725 1308 fores,
747 1272 784 1298 et
804 1262 961 1311 vigilum
980 1274 1114 1300 canum

332 1321 474 1359 Tristes
495 1320 684 1367 excubiae,
699 1322 913 1358 munierant
929 1318 1016 1358 satis

437 1381 642 1419 Nocturnis
657 1380 705 1418 ab
725 1382 923 1428 adulteris,

335 1441 376 1480 Si
394 1454 470 1478 non
490 1441 676 1478 Acrisium
691 1469 702 1487 ,
722 1441 878 1490 virginis
898 1441 1036 1479 abditae
1306 1463 1312 1471 -
1401 1454 1414 1477 5

332 1501 536 1540 Custodem
556 1500 754 1551 pavidum,
774 1501 924 1551 Jupiter
943 1511 980 1539 et
998 1503 1125 1539 Venus

333 1560 532 1608 Risissent3
553 1561 634 1597 sore
653 1557 753 1597 enim
773 1569 895 1597 tutum
915 1560 987 1597 iter
1006 1569 1043 1598 et
1062 1568 1211 1610 patens,

435 1622 628 1657 Converso
644 1619 683 1656 in
699 1619 863 1669 pretium
878 1622 973 1656 Deo.

277 1774 306 1794 1.
334 1763 475 1793 Danai-'n
498 1773 510 1792 .·
532 1760 631 1792 filiam
657 1762 791 1798 Acrisii,

219 1811 310 1851 'regis
323 1809 530 1849 Argivorum.
553 1809 583 1837 Is
605 1808 746 1838 audierat
761 1818 793 1838 se

226 1855 290 1886 vita
300 1855 418 1885 etsolio
429 1854 618 1895 privandum
627 1853 645 1884 a
655 1861 772 1894 nepote
781 1865 790 1891 3

225 1901 324 1942 quar&
340 1899 440 1931 filiam
449 1923 458 1937 ‚
472 1911 513 1929 ne
526 1901 598 1940 quis
619 1911 659 1930 ex
678 1900 713 1930 ea
726 1910 793 1930 nas-

225 1954 352 1978 ceretur
369 1946 430 1976 sibi
453 1956 570 1986 nepos,
591 1945 691 1976 ferrea
711 1947 792 1976 turri

225 1993 387 2024 clauserat.
401 1992 540 2032 Jupiter,
549 1998 586 2021 ut
596 1999 697 2032 poetae
707 2001 792 2021 com-

223 2039 324 2070 menti
339 2045 429 2076 sunt,
449 2039 484 2068 iu
506 2037 645 2078 pluviam
665 2047 791 2067 auream

225 2094 414 2122 conversus,
449 2083 466 2113 ὲ
504 2085 610 2114 Dana&
645 2086 791 2114 Perseum

224 2131 381 2171 suscepit,
396 2128 413 2160 ὲ
430 2140 494 2170 quo
513 2130 654 2161 Acrisius
675 2136 721 2159 est
742 2131 791 2159 iu-

225 2177 385 2206 terfectus.
403 2176 462 2207 Cui
474 2175 588 2206 fabulae
607 2176 726 2206 occasio
744 2176 794 2205 iu-

225 2221 264 2253 de}
277 2221 402 2253 estdata
412 2243 422 2260 ,
431 2221 520 2263 quod
530 2224 664 2261 Proetus,
677 2222 795 2252 Acrisii

847 1761 962 1799 frater,
985 1762 1143 1802 corruptis
1171 1771 1250 1792 auro
1275 1763 1414 1794 custodi-

847 1807 1055 1845 bus‚aditum
1074 1807 1113 1837 ad
1127 1809 1267 1838 Danaism
1282 1809 1414 1840 invenit.

846 1871 892 1876 —
924 1853 1090 1884 Custodem
1124 1853 1277 1894 pavidum
1302 1865 1314 1884 .·
1346 1856 1414 1886 solo

845 1899 930 1929 euim
946 1900 1068 1930 timoris
1081 1910 1175 1929 sensu
1186 1922 1195 1937 ,
1209 1901 1352 1931 Acrisius
1364 1911 1416 1942 pa-

844 1947 922 1976 trios
936 1946 1066 1975 affectus
1077 1952 1208 1976 exuerat
1218 1968 1226 1983 ‚
1248 1953 1414 1987 natamque

845 1991 973 2022 tenebat
998 1991 1057 2022 sub
1090 1989 1243 2023 custodia.
1267 2009 1314 2015 —-
1334 1995 1414 2023 Fore

847 2037 932 2067 enim
955 2045 1054 2067 tutum
1068 2037 1128 2067 iter
1140 2043 1172 2067 ee
1181 2045 1300 2078 patens
1313 2048 1325 2068 .·
1341 2038 1413 2069 sub·

845 2083 936 2122 audi,
961 2083 1202 2125 intelligebant5
1222 2084 1284 2124 qua
1299 2083 1414 2125 abrup-

846 2130 926 2161 tiore
965 2128 1125 2160 structura
1168 2140 1311 2170 magnam
1347 2130 1412 2160 vim

845 2176 947 2206 oratio
973 2176 1095 2216 poetica
1121 2175 1244 2216 accipit.
1263 2193 1310 2199 --
1334 2175 1414 2206 Con-

846 2231 931 2251 verso
953 2220 986 2251 in
1003 2220 1143 2263 pretium
1166 2222 1260 2252 Deo.
1257 2220 1412 2263 ·prettum
