<?xml version="1.0" encoding="UTF-8"?>
<!DOCTYPE html PUBLIC "-//W3C//DTD XHTML 1.0 Transitional//EN"
    "http://www.w3.org/TR/xhtml1/DTD/xhtml1-transitional.dtd">
<html xmlns="http://www.w3.org/1999/xhtml" xml:lang="en" lang="en">
 <head>
  <title>
</title>
<meta http-equiv="Content-Type" content="text/html;charset=utf-8" />
  <meta name='ocr-system' content='tesseract 3.04.00' />
  <meta name='ocr-capabilities' content='ocr_page ocr_carea ocr_par ocr_line ocrx_word'/>
</head>
<body>
  <div class='ocr_page' id='page_1' title='image "./quintushoratiusf01horauoft_0021.png"; bbox 0 0 1416 2508; ppageno 0'>
   <div class='ocr_carea' id='block_1_1' title="bbox 591 122 1332 184">
    <p class='ocr_par' dir='ltr' id='par_1_1' title="bbox 591 122 1332 184">
     <span class='ocr_line' id='line_1_1' title="bbox 591 122 1332 184; baseline -0.003 -22"><span class='ocrx_word' id='word_1_1' title='bbox 591 122 872 184; x_wconf 51' lang='lat' dir='ltr'><strong>PQAEFATIO.</strong></span> <span class='ocrx_word' id='word_1_2' title='bbox 1283 135 1332 160; x_wconf 86' lang='lat'>111</span> 
     </span>
    </p>
   </div>
   <div class='ocr_carea' id='block_1_2' title="bbox 94 200 1334 2299">
    <p class='ocr_par' dir='ltr' id='par_1_2' title="bbox 106 200 1334 938">
     <span class='ocr_line' id='line_1_2' title="bbox 109 200 1333 264; baseline -0.001 -16"><span class='ocrx_word' id='word_1_3' title='bbox 109 205 215 249; x_wconf 87' lang='lat' dir='ltr'>bum</span> <span class='ocrx_word' id='word_1_4' title='bbox 229 207 517 249; x_wconf 85' lang='lat' dir='ltr'>transcribere</span> <span class='ocrx_word' id='word_1_5' title='bbox 543 200 956 264; x_wconf 75' lang='lat' dir='ltr'>pericuIOsissimum</span> <span class='ocrx_word' id='word_1_6' title='bbox 973 215 1049 246; x_wconf 89' lang='lat' dir='ltr'>est.</span> <span class='ocrx_word' id='word_1_7' title='bbox 1070 204 1137 245; x_wconf 93' lang='lat' dir='ltr'>Illi</span> <span class='ocrx_word' id='word_1_8' title='bbox 1156 203 1333 262; x_wconf 76' lang='lat' dir='ltr'>quidem</span> 
     </span>
     <span class='ocr_line' id='line_1_3' title="bbox 108 267 1334 333; baseline 0.002 -20"><span class='ocrx_word' id='word_1_9' title='bbox 108 269 302 314; x_wconf 75' lang='lat' dir='ltr'>&#39;veterum</span> <span class='ocrx_word' id='word_1_10' title='bbox 327 267 589 332; x_wconf 83' lang='lat' dir='ltr'>scriptorum</span> <span class='ocrx_word' id='word_1_11' title='bbox 612 272 816 316; x_wconf 84' lang='lat' dir='ltr'><strong>indefessi</strong></span> <span class='ocrx_word' id='word_1_12' title='bbox 845 271 1160 333; x_wconf 83' lang='lat' dir='ltr'>exploratores,</span> <span class='ocrx_word' id='word_1_13' title='bbox 1181 284 1334 316; x_wconf 85' lang='lat' dir='ltr'>aucto—</span> 
     </span>
     <span class='ocr_line' id='line_1_4' title="bbox 109 338 1333 394; baseline 0.002 -15"><span class='ocrx_word' id='word_1_14' title='bbox 109 338 167 380; x_wconf 85' lang='lat' dir='ltr'>ris</span> <span class='ocrx_word' id='word_1_15' title='bbox 207 339 275 380; x_wconf 88' lang='lat' dir='ltr'>sui</span> <span class='ocrx_word' id='word_1_16' title='bbox 310 351 477 383; x_wconf 82' lang='lat' dir='ltr'>textum</span> <span class='ocrx_word' id='word_1_17' title='bbox 511 341 659 384; x_wconf 86' lang='lat' dir='ltr'>alienis</span> <span class='ocrx_word' id='word_1_18' title='bbox 690 340 879 383; x_wconf 82' lang='lat' dir='ltr'>textibus</span> <span class='ocrx_word' id='word_1_19' title='bbox 911 339 1132 394; x_wconf 70' lang='lat' dir='ltr'>obruunt,</span> <span class='ocrx_word' id='word_1_20' title='bbox 1164 339 1333 381; x_wconf 88' lang='lat' dir='ltr'>nullum</span> 
     </span>
     <span class='ocr_line' id='line_1_5' title="bbox 108 408 1334 466; baseline 0.001 -18"><span class='ocrx_word' id='word_1_21' title='bbox 108 420 296 461; x_wconf 87' lang='lat' dir='ltr'>versum,</span> <span class='ocrx_word' id='word_1_22' title='bbox 323 409 413 451; x_wconf 81' lang='lat' dir='ltr'>imo</span> <span class='ocrx_word' id='word_1_23' title='bbox 432 409 592 452; x_wconf 84' lang='lat' dir='ltr'>nullam</span> <span class='ocrx_word' id='word_1_24' title='bbox 609 424 759 452; x_wconf 89' lang='lat' dir='ltr'>vocem</span> <span class='ocrx_word' id='word_1_25' title='bbox 775 408 1132 466; x_wconf 66' lang='lat' dir='ltr'>praetermittunt,</span> <span class='ocrx_word' id='word_1_26' title='bbox 1150 409 1243 462; x_wconf 89' lang='lat' dir='ltr'>cui,</span> <span class='ocrx_word' id='word_1_27' title='bbox 1265 423 1334 449; x_wconf 85' lang='lat' dir='ltr'>ex-</span> 
     </span>
     <span class='ocr_line' id='line_1_6' title="bbox 110 472 1333 535; baseline 0.002 -21"><span class='ocrx_word' id='word_1_28' title='bbox 110 472 337 532; x_wconf 83' lang='lat' dir='ltr'>planandi,</span> <span class='ocrx_word' id='word_1_29' title='bbox 367 486 417 518; x_wconf 90' lang='lat' dir='ltr'>ut</span> <span class='ocrx_word' id='word_1_30' title='bbox 446 477 583 532; x_wconf 85' lang='lat' dir='ltr'>aiunt,</span> <span class='ocrx_word' id='word_1_31' title='bbox 619 477 779 535; x_wconf 65' lang='lat' dir='ltr'>gratia,</span> <span class='ocrx_word' id='word_1_32' title='bbox 814 474 969 517; x_wconf 85' lang='lat' dir='ltr'>similes</span> <span class='ocrx_word' id='word_1_33' title='bbox 1010 486 1085 517; x_wconf 89' lang='lat' dir='ltr'>aut</span> <span class='ocrx_word' id='word_1_34' title='bbox 1122 475 1333 518; x_wconf 86' lang='lat' dir='ltr'>similibus</span> 
     </span>
     <span class='ocr_line' id='line_1_7' title="bbox 108 542 1331 601; baseline 0 -17"><span class='ocrx_word' id='word_1_35' title='bbox 108 543 325 600; x_wconf 88' lang='lat' dir='ltr'>proximas</span> <span class='ocrx_word' id='word_1_36' title='bbox 350 545 582 587; x_wconf 85' lang='lat' dir='ltr'>sententias</span> <span class='ocrx_word' id='word_1_37' title='bbox 601 547 625 587; x_wconf 79' lang='grc' dir='ltr'>ὲ</span> <span class='ocrx_word' id='word_1_38' title='bbox 641 544 800 588; x_wconf 85' lang='lat' dir='ltr'>Graecis</span> <span class='ocrx_word' id='word_1_39' title='bbox 815 554 892 585; x_wconf 89' lang='lat' dir='ltr'>aut</span> <span class='ocrx_word' id='word_1_40' title='bbox 917 543 1077 585; x_wconf 84' lang='lat' dir='ltr'>Latinis</span> <span class='ocrx_word' id='word_1_41' title='bbox 1094 542 1331 601; x_wconf 84' lang='lat' dir='ltr'>depromp-</span> 
     </span>
     <span class='ocr_line' id='line_1_8' title="bbox 111 611 1333 671; baseline 0.001 -20"><span class='ocrx_word' id='word_1_42' title='bbox 111 619 176 652; x_wconf 88' lang='lat' dir='ltr'>tas</span> <span class='ocrx_word' id='word_1_43' title='bbox 203 627 293 654; x_wconf 89' lang='lat' dir='ltr'>non</span> <span class='ocrx_word' id='word_1_44' title='bbox 321 612 578 667; x_wconf 84' lang='lat' dir='ltr'>subjiciant3</span> <span class='ocrx_word' id='word_1_45' title='bbox 600 612 719 655; x_wconf 81' lang='lat' dir='ltr'>unde</span> <span class='ocrx_word' id='word_1_46' title='bbox 739 613 811 666; x_wconf 88' lang='lat' dir='ltr'>fit,</span> <span class='ocrx_word' id='word_1_47' title='bbox 834 624 885 654; x_wconf 90' lang='lat' dir='ltr'>ut</span> <span class='ocrx_word' id='word_1_48' title='bbox 911 623 1041 671; x_wconf 86' lang='lat' dir='ltr'>poeta</span> <span class='ocrx_word' id='word_1_49' title='bbox 1073 611 1333 653; x_wconf 83' lang='lat' dir='ltr'>exundantis</span> 
     </span>
     <span class='ocr_line' id='line_1_9' title="bbox 109 679 1333 738; baseline 0.001 -18"><span class='ocrx_word' id='word_1_50' title='bbox 109 689 152 720; x_wconf 87' lang='lat' dir='ltr'>et</span> <span class='ocrx_word' id='word_1_51' title='bbox 173 679 482 738; x_wconf 78' lang='lat' dir='ltr'>intempestivae</span> <span class='ocrx_word' id='word_1_52' title='bbox 505 680 760 723; x_wconf 89' lang='lat' dir='ltr'>eruditionis</span> <span class='ocrx_word' id='word_1_53' title='bbox 780 680 982 723; x_wconf 88' lang='lat' dir='ltr'>fluctibus</span> <span class='ocrx_word' id='word_1_54' title='bbox 1009 681 1132 738; x_wconf 86' lang='lat' dir='ltr'>quasi</span> <span class='ocrx_word' id='word_1_55' title='bbox 1158 681 1333 722; x_wconf 87' lang='lat' dir='ltr'>immer—</span> 
     </span>
     <span class='ocr_line' id='line_1_10' title="bbox 111 747 1332 807; baseline 0 -19"><span class='ocrx_word' id='word_1_56' title='bbox 111 761 184 788; x_wconf 87' lang='lat' dir='ltr'>sus</span> <span class='ocrx_word' id='word_1_57' title='bbox 213 748 286 788; x_wconf 82' lang='lat' dir='ltr'>vix</span> <span class='ocrx_word' id='word_1_58' title='bbox 311 759 474 803; x_wconf 86' lang='lat' dir='ltr'>enatet,</span> <span class='ocrx_word' id='word_1_59' title='bbox 490 759 534 790; x_wconf 89' lang='lat' dir='ltr'>et</span> <span class='ocrx_word' id='word_1_60' title='bbox 548 749 834 791; x_wconf 88' lang='lat' dir='ltr'>intentissima</span> <span class='ocrx_word' id='word_1_61' title='bbox 850 749 1032 807; x_wconf 86' lang='lat' dir='ltr'>legentis</span> <span class='ocrx_word' id='word_1_62' title='bbox 1053 747 1293 806; x_wconf 85' lang='lat' dir='ltr'>diligentia,</span> <span class='ocrx_word' id='word_1_63' title='bbox 1309 751 1332 789; x_wconf 74' lang='lat' dir='ltr'>a</span> 
     </span>
     <span class='ocr_line' id='line_1_11' title="bbox 107 815 1331 874; baseline 0.001 -18"><span class='ocrx_word' id='word_1_64' title='bbox 107 815 326 874; x_wconf 86' lang='lat' dir='ltr'>praecipuo</span> <span class='ocrx_word' id='word_1_65' title='bbox 340 827 538 871; x_wconf 88' lang='lat' dir='ltr'>auctore,</span> <span class='ocrx_word' id='word_1_66' title='bbox 555 816 611 858; x_wconf 85' lang='lat' dir='ltr'>ad</span> <span class='ocrx_word' id='word_1_67' title='bbox 628 817 748 859; x_wconf 88' lang='lat' dir='ltr'>locos</span> <span class='ocrx_word' id='word_1_68' title='bbox 765 828 991 860; x_wconf 82' lang='lat' dir='ltr'>extraneos</span> <span class='ocrx_word' id='word_1_69' title='bbox 1002 849 1013 871; x_wconf 89' lang='lat'>,</span> <span class='ocrx_word' id='word_1_70' title='bbox 1034 815 1122 858; x_wconf 71' lang='lat' dir='ltr'>sola</span> <span class='ocrx_word' id='word_1_71' title='bbox 1137 816 1331 858; x_wconf 86' lang='lat' dir='ltr'>lectionis</span> 
     </span>
     <span class='ocr_line' id='line_1_12' title="bbox 106 882 648 938; baseline 0.006 -13"><span class='ocrx_word' id='word_1_72' title='bbox 106 882 336 938; x_wconf 85' lang='lat' dir='ltr'>divisione,</span> <span class='ocrx_word' id='word_1_73' title='bbox 351 883 648 928; x_wconf 82' lang='lat' dir='ltr'>transferatur.</span> 
     </span>
    </p>

    <p class='ocr_par' dir='ltr' id='par_1_3' title="bbox 96 952 1331 1486">
     <span class='ocr_line' id='line_1_13' title="bbox 168 952 1331 1011; baseline -0.002 -15"><span class='ocrx_word' id='word_1_74' title='bbox 168 953 329 996; x_wconf 86' lang='lat' dir='ltr'>Nostra</span> <span class='ocrx_word' id='word_1_75' title='bbox 352 969 476 996; x_wconf 88' lang='lat' dir='ltr'>mens</span> <span class='ocrx_word' id='word_1_76' title='bbox 501 954 586 995; x_wconf 87' lang='lat' dir='ltr'>fuit</span> <span class='ocrx_word' id='word_1_77' title='bbox 612 954 726 996; x_wconf 88' lang='lat' dir='ltr'>hanc</span> <span class='ocrx_word' id='word_1_78' title='bbox 750 954 1126 1011; x_wconf 81' lang='lat' dir='ltr'>intemperantiam</span> <span class='ocrx_word' id='word_1_79' title='bbox 1155 952 1306 1010; x_wconf 84' lang='lat' dir='ltr'>fugere</span> <span class='ocrx_word' id='word_1_80' title='bbox 1321 986 1331 1005; x_wconf 86' lang='lat'>,</span> 
     </span>
     <span class='ocr_line' id='line_1_14' title="bbox 108 1020 1331 1079; baseline -0.002 -15"><span class='ocrx_word' id='word_1_81' title='bbox 108 1032 152 1063; x_wconf 89' lang='lat' dir='ltr'>et</span> <span class='ocrx_word' id='word_1_82' title='bbox 177 1038 275 1064; x_wconf 91' lang='lat' dir='ltr'>eum</span> <span class='ocrx_word' id='word_1_83' title='bbox 296 1037 466 1064; x_wconf 86' lang='lat' dir='ltr'>servare</span> <span class='ocrx_word' id='word_1_84' title='bbox 490 1021 693 1075; x_wconf 91' lang='lat' dir='ltr'>modum,</span> <span class='ocrx_word' id='word_1_85' title='bbox 718 1037 807 1079; x_wconf 90' lang='lat' dir='ltr'>quo</span> <span class='ocrx_word' id='word_1_86' title='bbox 827 1020 1025 1063; x_wconf 90' lang='lat' dir='ltr'>adhibito</span> <span class='ocrx_word' id='word_1_87' title='bbox 1043 1054 1053 1074; x_wconf 94' lang='lat'>,</span> <span class='ocrx_word' id='word_1_88' title='bbox 1079 1032 1121 1062; x_wconf 91' lang='lat' dir='ltr'>et</span> <span class='ocrx_word' id='word_1_89' title='bbox 1146 1021 1331 1062; x_wconf 82' lang='lat' dir='ltr'>obscura</span> 
     </span>
     <span class='ocr_line' id='line_1_15' title="bbox 105 1088 1331 1147; baseline 0 -16"><span class='ocrx_word' id='word_1_90' title='bbox 105 1099 300 1147; x_wconf 87' lang='lat' dir='ltr'>pateant,</span> <span class='ocrx_word' id='word_1_91' title='bbox 329 1101 372 1132; x_wconf 88' lang='lat' dir='ltr'>et</span> <span class='ocrx_word' id='word_1_92' title='bbox 397 1088 530 1131; x_wconf 84' lang='lat' dir='ltr'>dubia</span> <span class='ocrx_word' id='word_1_93' title='bbox 562 1088 619 1130; x_wconf 80' lang='lat' dir='ltr'>ad</span> <span class='ocrx_word' id='word_1_94' title='bbox 642 1088 980 1147; x_wconf 85' lang='lat' dir='ltr'>probabiliorem</span> <span class='ocrx_word' id='word_1_95' title='bbox 1000 1103 1175 1130; x_wconf 90' lang='lat' dir='ltr'>sensum</span> <span class='ocrx_word' id='word_1_96' title='bbox 1203 1103 1331 1131; x_wconf 83' lang='lat' dir='ltr'>revo—</span> 
     </span>
     <span class='ocr_line' id='line_1_16' title="bbox 105 1155 1329 1214; baseline -0.002 -16"><span class='ocrx_word' id='word_1_97' title='bbox 105 1166 277 1211; x_wconf 86' lang='lat' dir='ltr'>centur,</span> <span class='ocrx_word' id='word_1_98' title='bbox 291 1167 355 1210; x_wconf 87' lang='lat' dir='ltr'>et,</span> <span class='ocrx_word' id='word_1_99' title='bbox 373 1155 588 1214; x_wconf 89' lang='lat' dir='ltr'>quidquid</span> <span class='ocrx_word' id='word_1_100' title='bbox 605 1156 692 1199; x_wconf 74' lang='lat' dir='ltr'>sive</span> <span class='ocrx_word' id='word_1_101' title='bbox 711 1157 898 1214; x_wconf 70' lang='lat' dir='ltr'>poetica,</span> <span class='ocrx_word' id='word_1_102' title='bbox 925 1156 1012 1198; x_wconf 80' lang='lat' dir='ltr'>sive</span> <span class='ocrx_word' id='word_1_103' title='bbox 1025 1155 1329 1213; x_wconf 67' lang='lat' dir='ltr'>philosophica</span> 
     </span>
     <span class='ocr_line' id='line_1_17' title="bbox 103 1222 1329 1282; baseline -0.001 -17"><span class='ocrx_word' id='word_1_104' title='bbox 103 1222 232 1266; x_wconf 85' lang='lat' dir='ltr'>laude</span> <span class='ocrx_word' id='word_1_105' title='bbox 263 1223 656 1267; x_wconf 87' lang='lat' dir='ltr'>commendandum</span> <span class='ocrx_word' id='word_1_106' title='bbox 688 1235 884 1282; x_wconf 86' lang='lat' dir='ltr'>apparet,</span> <span class='ocrx_word' id='word_1_107' title='bbox 917 1223 1091 1277; x_wconf 84' lang='lat' dir='ltr'>majori,</span> <span class='ocrx_word' id='word_1_108' title='bbox 1117 1222 1329 1281; x_wconf 73' lang='lat' dir='ltr'>quantum</span> 
     </span>
     <span class='ocr_line' id='line_1_18' title="bbox 98 1290 1327 1350; baseline -0.001 -16"><span class='ocrx_word' id='word_1_109' title='bbox 98 1291 253 1334; x_wconf 66' lang='lat' dir='ltr'>&#39;saltem</span> <span class='ocrx_word' id='word_1_110' title='bbox 277 1293 323 1334; x_wconf 91' lang='lat' dir='ltr'>in</span> <span class='ocrx_word' id='word_1_111' title='bbox 348 1292 475 1334; x_wconf 90' lang='lat' dir='ltr'>nobis</span> <span class='ocrx_word' id='word_1_112' title='bbox 498 1291 598 1347; x_wconf 84' lang='lat' dir='ltr'>fuit,</span> <span class='ocrx_word' id='word_1_113' title='bbox 618 1290 850 1350; x_wconf 87' lang='lat' dir='ltr'>splendore</span> <span class='ocrx_word' id='word_1_114' title='bbox 866 1291 1146 1344; x_wconf 88' lang='lat' dir='ltr'>illustratum,</span> <span class='ocrx_word' id='word_1_115' title='bbox 1166 1291 1327 1334; x_wconf 86' lang='lat' dir='ltr'>nullam</span> 
     </span>
     <span class='ocr_line' id='line_1_19' title="bbox 96 1359 1329 1419; baseline 0 -17"><span class='ocrx_word' id='word_1_116' title='bbox 96 1359 297 1403; x_wconf 87' lang='lat' dir='ltr'>tironum</span> <span class='ocrx_word' id='word_1_117' title='bbox 310 1361 526 1419; x_wconf 79' lang='lat' dir='ltr'>praecipue</span> <span class='ocrx_word' id='word_1_118' title='bbox 539 1371 582 1403; x_wconf 87' lang='lat' dir='ltr'>et</span> <span class='ocrx_word' id='word_1_119' title='bbox 600 1359 941 1402; x_wconf 87' lang='lat' dir='ltr'>adolescentium</span> <span class='ocrx_word' id='word_1_120' title='bbox 957 1359 1140 1417; x_wconf 82' lang='lat' dir='ltr'>ingeniis</span> <span class='ocrx_word' id='word_1_121' title='bbox 1165 1359 1329 1402; x_wconf 89' lang='lat' dir='ltr'>nubem</span> 
     </span>
     <span class='ocr_line' id='line_1_20' title="bbox 101 1427 500 1486; baseline 0.003 -15"><span class='ocrx_word' id='word_1_122' title='bbox 101 1427 278 1471; x_wconf 84' lang='lat' dir='ltr'>offundi</span> <span class='ocrx_word' id='word_1_123' title='bbox 299 1428 500 1486; x_wconf 86' lang='lat' dir='ltr'>patiatur.</span> 
     </span>
    </p>

    <p class='ocr_par' dir='ltr' id='par_1_4' title="bbox 94 1495 1329 2299">
     <span class='ocr_line' id='line_1_21' title="bbox 162 1495 1328 1555; baseline -0.003 -16"><span class='ocrx_word' id='word_1_124' title='bbox 162 1496 320 1553; x_wconf 87' lang='lat' dir='ltr'>Neque</span> <span class='ocrx_word' id='word_1_125' title='bbox 345 1498 488 1538; x_wconf 76' lang='lat' dir='ltr'>tamen</span> <span class='ocrx_word' id='word_1_126' title='bbox 517 1495 800 1538; x_wconf 86' lang='lat' dir='ltr'>diffitebimur</span> <span class='ocrx_word' id='word_1_127' title='bbox 822 1509 1035 1555; x_wconf 80' lang='lat' dir='ltr'>quantum</span> <span class='ocrx_word' id='word_1_128' title='bbox 1057 1497 1183 1539; x_wconf 85' lang='lat' dir='ltr'>nobis</span> <span class='ocrx_word' id='word_1_129' title='bbox 1206 1497 1328 1538; x_wconf 85' lang='lat' dir='ltr'>auxi-</span> 
     </span>
     <span class='ocr_line' id='line_1_22' title="bbox 98 1563 1326 1623; baseline 0 -17"><span class='ocrx_word' id='word_1_130' title='bbox 98 1563 210 1606; x_wconf 75' lang='lat' dir='ltr'>lium</span> <span class='ocrx_word' id='word_1_131' title='bbox 232 1564 403 1606; x_wconf 82' lang='lat' dir='ltr'>labores</span> <span class='ocrx_word' id='word_1_132' title='bbox 427 1580 580 1606; x_wconf 90' lang='lat' dir='ltr'>eorum</span> <span class='ocrx_word' id='word_1_133' title='bbox 609 1565 685 1622; x_wconf 92' lang='lat' dir='ltr'>qui</span> <span class='ocrx_word' id='word_1_134' title='bbox 710 1565 837 1607; x_wconf 91' lang='lat' dir='ltr'>nobis</span> <span class='ocrx_word' id='word_1_135' title='bbox 863 1566 1144 1623; x_wconf 75' lang='lat' dir='ltr'>praeiverunt,</span> <span class='ocrx_word' id='word_1_136' title='bbox 1170 1565 1326 1607; x_wconf 86' lang='lat' dir='ltr'>attule-</span> 
     </span>
     <span class='ocr_line' id='line_1_23' title="bbox 103 1630 1324 1691; baseline 0.001 -19"><span class='ocrx_word' id='word_1_137' title='bbox 103 1631 216 1684; x_wconf 80' lang='lat' dir='ltr'>rint3</span> <span class='ocrx_word' id='word_1_138' title='bbox 237 1631 466 1673; x_wconf 89' lang='lat' dir='ltr'>innumera</span> <span class='ocrx_word' id='word_1_139' title='bbox 491 1630 670 1690; x_wconf 88' lang='lat' dir='ltr'>quidem</span> <span class='ocrx_word' id='word_1_140' title='bbox 697 1644 1090 1676; x_wconf 87' lang='lat' dir='ltr'>commentatorum</span> <span class='ocrx_word' id='word_1_141' title='bbox 1108 1632 1324 1691; x_wconf 87' lang='lat' dir='ltr'>exempla-</span> 
     </span>
     <span class='ocr_line' id='line_1_24' title="bbox 106 1698 1327 1758; baseline 0 -18"><span class='ocrx_word' id='word_1_142' title='bbox 106 1698 169 1740; x_wconf 82' lang='lat' dir='ltr'>ria</span> <span class='ocrx_word' id='word_1_143' title='bbox 199 1699 483 1753; x_wconf 86' lang='lat' dir='ltr'>versavimus,</span> <span class='ocrx_word' id='word_1_144' title='bbox 508 1702 581 1753; x_wconf 88' lang='lat' dir='ltr'>et,</span> <span class='ocrx_word' id='word_1_145' title='bbox 608 1699 746 1742; x_wconf 79' lang='lat' dir='ltr'>sicubi</span> <span class='ocrx_word' id='word_1_146' title='bbox 773 1699 938 1758; x_wconf 88' lang='lat' dir='ltr'>aliquid</span> <span class='ocrx_word' id='word_1_147' title='bbox 969 1711 1044 1743; x_wconf 83' lang='lat' dir='ltr'>aut</span> <span class='ocrx_word' id='word_1_148' title='bbox 1074 1700 1226 1754; x_wconf 80' lang='lat' dir='ltr'>docte,</span> <span class='ocrx_word' id='word_1_149' title='bbox 1253 1711 1327 1741; x_wconf 88' lang='lat' dir='ltr'>aut</span> 
     </span>
     <span class='ocr_line' id='line_1_25' title="bbox 106 1766 1328 1821; baseline 0.001 -13"><span class='ocrx_word' id='word_1_150' title='bbox 106 1767 262 1820; x_wconf 72' lang='lat' dir='ltr'>facete,</span> <span class='ocrx_word' id='word_1_151' title='bbox 287 1777 364 1808; x_wconf 86' lang='lat' dir='ltr'>aut</span> <span class='ocrx_word' id='word_1_152' title='bbox 383 1766 544 1809; x_wconf 79' lang='lat' dir='ltr'>utiliter</span> <span class='ocrx_word' id='word_1_153' title='bbox 561 1766 727 1809; x_wconf 87' lang='lat' dir='ltr'>dictum</span> <span class='ocrx_word' id='word_1_154' title='bbox 748 1768 1084 1821; x_wconf 81' lang='lat' dir='ltr'>occurrit,illud</span> <span class='ocrx_word' id='word_1_155' title='bbox 1103 1768 1241 1810; x_wconf 90' lang='lat' dir='ltr'>nostri</span> <span class='ocrx_word' id='word_1_156' title='bbox 1262 1784 1328 1810; x_wconf 79' lang='lat' dir='ltr'>ar—</span> 
     </span>
     <span class='ocr_line' id='line_1_26' title="bbox 96 1833 1327 1895; baseline 0.001 -19"><span class='ocrx_word' id='word_1_157' title='bbox 96 1833 223 1876; x_wconf 87' lang='lat' dir='ltr'>·bitrii</span> <span class='ocrx_word' id='word_1_158' title='bbox 237 1833 435 1891; x_wconf 87' lang='lat' dir='ltr'>jurisque</span> <span class='ocrx_word' id='word_1_159' title='bbox 450 1834 610 1888; x_wconf 84' lang='lat' dir='ltr'>facere,</span> <span class='ocrx_word' id='word_1_160' title='bbox 631 1845 674 1876; x_wconf 89' lang='lat' dir='ltr'>et</span> <span class='ocrx_word' id='word_1_161' title='bbox 697 1835 743 1876; x_wconf 89' lang='lat' dir='ltr'>in</span> <span class='ocrx_word' id='word_1_162' title='bbox 763 1847 962 1878; x_wconf 88' lang='lat' dir='ltr'>nostrum</span> <span class='ocrx_word' id='word_1_163' title='bbox 979 1851 1091 1895; x_wconf 88' lang='lat' dir='ltr'>opus</span> <span class='ocrx_word' id='word_1_164' title='bbox 1108 1851 1327 1878; x_wconf 79' lang='lat' dir='ltr'>assumere</span> 
     </span>
     <span class='ocr_line' id='line_1_27' title="bbox 105 1901 1329 1960; baseline 0.002 -19"><span class='ocrx_word' id='word_1_165' title='bbox 105 1914 196 1942; x_wconf 90' lang='lat' dir='ltr'>non</span> <span class='ocrx_word' id='word_1_166' title='bbox 216 1901 523 1943; x_wconf 82' lang='lat' dir='ltr'>recusavimus.</span> <span class='ocrx_word' id='word_1_167' title='bbox 554 1901 804 1960; x_wconf 77' lang='lat' dir='ltr'>Aliquando</span> <span class='ocrx_word' id='word_1_168' title='bbox 834 1903 980 1957; x_wconf 71' lang='lat' dir='ltr'>etiam,</span> <span class='ocrx_word' id='word_1_169' title='bbox 1013 1903 1089 1945; x_wconf 84' lang='lat' dir='ltr'>sed</span> <span class='ocrx_word' id='word_1_170' title='bbox 1115 1904 1329 1945; x_wconf 65' lang='lat' dir='ltr'>rarissime</span> 
     </span>
     <span class='ocr_line' id='line_1_28' title="bbox 94 1969 1329 2027; baseline 0.002 -16"><span class='ocrx_word' id='word_1_171' title='bbox 94 1969 268 2023; x_wconf 63' lang='lat' dir='ltr'>evenit,</span> <span class='ocrx_word' id='word_1_172' title='bbox 287 1980 337 2011; x_wconf 92' lang='lat' dir='ltr'>ut</span> <span class='ocrx_word' id='word_1_173' title='bbox 355 1979 521 2011; x_wconf 85' lang='lat' dir='ltr'>textum</span> <span class='ocrx_word' id='word_1_174' title='bbox 540 1970 683 2027; x_wconf 91' lang='lat' dir='ltr'>ipsum</span> <span class='ocrx_word' id='word_1_175' title='bbox 697 1970 886 2012; x_wconf 88' lang='lat' dir='ltr'>alienum</span> <span class='ocrx_word' id='word_1_176' title='bbox 902 1971 947 2012; x_wconf 91' lang='lat' dir='ltr'>in</span> <span class='ocrx_word' id='word_1_177' title='bbox 967 1982 1168 2013; x_wconf 87' lang='lat' dir='ltr'>nostrum</span> <span class='ocrx_word' id='word_1_178' title='bbox 1194 1983 1329 2013; x_wconf 85' lang='lat' dir='ltr'>trans-</span> 
     </span>
     <span class='ocr_line' id='line_1_29' title="bbox 95 2036 1325 2096; baseline 0.003 -20"><span class='ocrx_word' id='word_1_179' title='bbox 95 2036 218 2077; x_wconf 78' lang='lat' dir='ltr'>-ferre</span> <span class='ocrx_word' id='word_1_180' title='bbox 229 2036 405 2091; x_wconf 82' lang='lat' dir='ltr'>juverit3</span> <span class='ocrx_word' id='word_1_181' title='bbox 422 2037 657 2095; x_wconf 81' lang='lat' dir='ltr'>praesertim</span> <span class='ocrx_word' id='word_1_182' title='bbox 675 2038 721 2078; x_wconf 91' lang='lat' dir='ltr'>in</span> <span class='ocrx_word' id='word_1_183' title='bbox 747 2038 862 2080; x_wconf 89' lang='lat' dir='ltr'>notis</span> <span class='ocrx_word' id='word_1_184' title='bbox 882 2054 978 2096; x_wconf 82' lang='lat' dir='ltr'>quae</span> <span class='ocrx_word' id='word_1_185' title='bbox 998 2038 1052 2080; x_wconf 86' lang='lat' dir='ltr'>ad</span> <span class='ocrx_word' id='word_1_186' title='bbox 1079 2039 1325 2092; x_wconf 80' lang='lat' dir='ltr'>historiam,</span> 
     </span>
     <span class='ocr_line' id='line_1_30' title="bbox 94 2102 1325 2164; baseline 0.002 -19"><span class='ocrx_word' id='word_1_187' title='bbox 94 2102 438 2161; x_wconf 81' lang='lat' dir='ltr'>&#39;mytholog-iam,</span> <span class='ocrx_word' id='word_1_188' title='bbox 476 2105 809 2159; x_wconf 81' lang='lat' dir='ltr'>astronomiam,</span> <span class='ocrx_word' id='word_1_189' title='bbox 845 2116 940 2159; x_wconf 65' lang='lat' dir='ltr'>ete„</span> <span class='ocrx_word' id='word_1_190' title='bbox 970 2116 1232 2164; x_wconf 86' lang='lat' dir='ltr'>spectantes,</span> <span class='ocrx_word' id='word_1_191' title='bbox 1255 2107 1325 2148; x_wconf 89' lang='lat' dir='ltr'>di-</span> 
     </span>
     <span class='ocr_line' id='line_1_31' title="bbox 95 2170 1323 2231; baseline 0.004 -21"><span class='ocrx_word' id='word_1_192' title='bbox 95 2182 270 2211; x_wconf 57' lang='lat' dir='ltr'>’versam</span> <span class='ocrx_word' id='word_1_193' title='bbox 311 2170 660 2228; x_wconf 82' lang='lat' dir='ltr'>explanationem</span> <span class='ocrx_word' id='word_1_194' title='bbox 695 2188 785 2215; x_wconf 93' lang='lat' dir='ltr'>non</span> <span class='ocrx_word' id='word_1_195' title='bbox 825 2171 1078 2226; x_wconf 88' lang='lat' dir='ltr'>admittunt;</span> <span class='ocrx_word' id='word_1_196' title='bbox 1109 2189 1239 2231; x_wconf 84' lang='lat' dir='ltr'>quam</span> <span class='ocrx_word' id='word_1_197' title='bbox 1272 2175 1323 2216; x_wconf 83' lang='lat' dir='ltr'>li-</span> 
     </span>
     <span class='ocr_line' id='line_1_32' title="bbox 104 2237 1320 2299; baseline 0.004 -21"><span class='ocrx_word' id='word_1_198' title='bbox 104 2237 289 2279; x_wconf 83' lang='lat' dir='ltr'>centiam</span> <span class='ocrx_word' id='word_1_199' title='bbox 321 2238 682 2297; x_wconf 74' lang='lat' dir='ltr'>quotiescumque</span> <span class='ocrx_word' id='word_1_200' title='bbox 711 2240 974 2298; x_wconf 88' lang='lat' dir='ltr'>sumpsimus</span> <span class='ocrx_word' id='word_1_201' title='bbox 992 2273 1004 2293; x_wconf 69' lang='lat'>,</span> <span class='ocrx_word' id='word_1_202' title='bbox 1033 2252 1182 2283; x_wconf 86' lang='lat' dir='ltr'>notam</span> <span class='ocrx_word' id='word_1_203' title='bbox 1216 2256 1320 2299; x_wconf 85' lang='lat' dir='ltr'>pro-</span> 
     </span>
    </p>
   </div>
  </div>
 </body>
</html>
