1404 2482
165 107 231 142 324

557 106 597 145 Q.
622 103 804 135 HORATH
827 102 977 134 FLACCI

270 161 421 199 Terruit
437 173 603 198 mannos.
618 163 697 211 Ego
709 189 719 207 ‚
735 161 795 197 cui
811 159 951 197 timebo

482 219 666 256 Providus
684 232 826 269 auspex
843 218 877 265 ³,-

274 284 486 331 Antequitm
508 289 646 317 stantes
662 288 807 329 repetat
823 279 977 329 paludes

273 340 455 376 Imbrium
477 339 604 376 divina
623 339 701 376 avis
721 339 1007 384 imminaemffim,
1158 339 1160 342 ’
1323 356 1352 371 10

274 401 448 437 Oscinem
465 412 621 436 corvum
642 412 753 448 prece
775 398 963 436 suscitabo

482 457 577 496 Solis
592 457 639 495 ab
655 467 753 496 ortu.

171 579 280 611 eadem
313 589 442 620 quoque
477 578 674 616 observavit,
708 586 738 610 et

173 626 320 667 graphice
351 625 515 665 descripsit
539 625 587 655 vir
621 625 738 656 clariss.

174 673 213 703 de
236 671 413 713 Lacepede,
439 672 520 701 Hist.
543 678 649 702 natur.
678 682 739 702 scr-

174 725 317 760 pentum,
331 720 390 756 111,
403 728 435 759 p.
457 728 507 756 17,
531 728 628 758 1790,
638 718 700 748 in-1
709 728 740 755 2,

176 765 252 796 edit.
285 767 399 805 Lupar.
438 765 576 804 Lorsque
605 764 743 794 certains

175 822 302 852 serpens
318 821 359 840 ne
374 809 542 842 cherchem
555 810 634 850 qu'ri
647 820 682 840 se
693 810 743 852 je-

177 866 226 888 τει-
253 868 307 888 sur
328 867 391 888 une
402 856 494 897 proie
522 867 587 897 par
609 867 651 886 1111
675 857 744 887 seul

177 904 282 941 hond,
306 904 345 934 ils
378 903 531 939 tendent,
550 913 635 942 pour
658 901 745 932 ainsi

176 950 256 986 dire,
277 957 378 982 toutes
399 949 481 978 leurs
498 948 620 988 parties
634 948 740 978 e'lasti-

178 1007 266 1038 ques,
279 1005 311 1027 et
325 994 508 1027 re'unissant
519 1005 584 1035 par
599 994 633 1024 Ιὰ
644 1002 742 1025 tontes

177 1043 223 1073 les
231 1042 342 1085 forces
363 1041 455 1083 qu’z'ls
470 1040 645 1081 emploient
655 1041 744 1071 l'une

177 1088 270 1130 apres
286 1089 402 1119 l'autre
421 1087 502 1117 dans
522 1087 605 1116 leurs
622 1098 745 1117 cour-ses

178 1135 364 1172 ordinaires,
384 1133 575 1175 allongeant
589 1139 657 1163 tout
668 1133 745 1163 d'un

179 1192 259 1222 coup
274 1188 358 1212 toute
381 1181 452 1211 leur
471 1190 592 1215 masse,
619 1186 650 1209 ec
664 1180 746 1210 leurs

181 1234 309 1258 ressorcs
329 1238 363 1257 se
384 1225 573 1256 de'bandant
587 1233 657 1256 tout
670 1225 691 1255 ὰ
713 1226 747 1255 la

170 1273 240 1316 fhis
251 1297 262 1311 ‚
282 1274 320 1304 ils
333 1284 365 1303 se
380 1272 565 1307 de'roulem,
587 1279 619 1302 et
633 1272 743 1302 s’e'lan-

179 1326 253 1351 cent
273 1330 344 1350 vers
370 1318 479 1357 l'objet
502 1318 595 1359 qu'ils
614 1318 745 1348 veulent

179 1365 332 1396 atteindre
342 1387 352 1403 ‚
366 1375 440 1395 avec
454 1365 485 1394 la
503 1363 635 1404 rapidite
649 1364 744 1394 d'une

178 1411 278 1443 fleche
297 1412 466 1442 fortement
489 1409 617 1448 vibree,
653 1418 685 1440 et
704 1421 743 1440 en

171 1457 397 1500 franchis-sanc
418 1468 460 1487 un
482 1466 596 1497 espace
613 1456 653 1486 de
674 1457 745 1498 plu·

178 1504 276 1535 δίαινε
285 1503 390 1545 pleds.

225 1551 257 1582 3.
277 1552 360 1592 Ego,
386 1548 438 1580 cui
457 1548 572 1579 timebo
597 1548 747 1579 Providus

180 1607 303 1638 auspex
318 1607 328 1627 :
344 1607 402 1638 ego
413 1618 422 1634 ,
437 1595 610 1636 providens
627 1595 675 1625 illi
690 1605 746 1624 cu-

178 1646 230 1683 jus
247 1644 318 1680 iter,
337 1649 467 1684 propter
483 1642 667 1679 amicitiam,
680 1641 746 1679 jus-

181 1697 230 1721 tos
247 1689 327 1719 mihi
347 1690 474 1718 timores
490 1688 612 1726 injicit,
623 1694 654 1717 et
677 1687 748 1718 ideo

180 1736 320 1776 auspicia
351 1745 411 1775 pro
449 1734 517 1772 ejus
546 1735 752 1774 prosperitate

181 1781 380 1823 praecipienti.
394 1797 440 1803 --
458 1779 644 1820 Antequam
667 1788 753 1810 stan-

181 1836 228 1859 tes
242 1833 367 1868 repetat
381 1826 520 1867 paludes
534 1836 546 1855 .·
564 1825 630 1855 haec
652 1826 748 1856 verba

179 1875 355 1915 jungantur
385 1883 458 1902 cum
484 1871 746 1913 praecedentibus.

181 1921 302 1952 Notum
317 1924 364 1948 est
374 1941 383 1957 ,
394 1919 580 1948 imminente
594 1916 703 1958 pluvia
717 1925 748 1948 et

182 1970 364 2006 tempestate
383 1988 391 2003 ,
419 1965 598 2002 cornicem,
625 1963 748 1995 idcirco

182 2011 299 2042 dictam
312 2009 366 2040 hic
384 2010 534 2049 divinam,
548 2009 581 2039 id
599 2017 654 2047 est,
670 2020 749 2051 prae-

182 2058 328 2088 nuntiam
356 2057 519 2094 imbrium,
542 2057 658 2086 coelum
694 2056 750 2086 de-

181 2114 295 2141 serere,
307 2109 339 2133 et
351 2102 440 2134 littus
454 2103 558 2139 maris,
568 2102 749 2139 fluminum,

182 2149 335 2191 paludum
342 2150 558 2191 stagnantium
576 2155 692 2190 petere.
706 2149 752 2177 Ee

181 2196 250 2227 sola
280 2195 313 2226 in
346 2193 431 2227 siccd
457 2205 561 2226 secum
589 2194 747 2236 spaciatur

791 577 904 618 ανεηά,
916 580 1028 622 virgil.
1047 580 1162 623 Georg.
1176 582 1204 619 1,
1221 581 1298 622 389.
1310 599 1354 605 -

794 625 942 656 Oscinem
994 637 1119 657 corvum
1150 638 1163 657 .·
1192 627 1328 658 oscinem
1339 652 1351 666 ,

793 672 881 711 quasi
908 683 961 702 ore
987 679 1166 704 canentem.
1193 690 1240 698 --
1274 675 1356 705 Solis

794 717 834 747 ab
853 725 919 748 ortu
934 729 945 748 .·
961 720 1081 758 oriens,
1098 725 1209 760 utpote
1227 721 1308 751 lucis
1324 727 1356 751 et

795 763 858 794 diei
884 765 1077 805 principium
1101 775 1137 795 ac
1147 791 1149 794 Α
1159 766 1248 804 fons,
1278 766 1356 796 honi

795 810 860 840 fere
873 811 988 841 ominis
1003 818 1086 848 erat,
1112 818 1143 842 et
1158 822 1230 842 aves
1247 813 1356 843 faustae

794 857 1002 886 censebantur
1018 867 1090 898 quae
1113 857 1152 887 ab
1171 865 1244 889 ortu
1258 857 1355 889 advo-

794 901 912 939 larent,
959 903 1133 944 praesertim
1161 905 1259 936 corvi.
1295 903 1356 936 Sed

793 948 866 990 quia
875 949 978 978 Graeci
987 951 1118 990 auguria
1124 951 1276 991 captaturi
1285 961 1359 981 con-

795 994 962 1025 vertebant
985 1006 1018 1026 se
1037 995 1075 1025 ad
1099 997 1358 1038 septentrionem,

795 1040 915 1071 idcirco
927 1041 1024 1071 solem
1037 1043 1190 1073 orientem
1199 1041 1359 1074 habebant

797 1085 813 1116 a
825 1085 951 1124 dextra,
967 1087 1163 1118 occidentem
1180 1087 1197 1118 a
1211 1088 1336 1119 sinistra
1349 1099 1358 1120 ε

797 1139 907 1163 eontra
931 1134 1008 1164 vero
1034 1133 1108 1165 ciim
1131 1135 1266 1165 Romani
1282 1145 1358 1166 cou-

799 1185 958 1209 verterent
980 1190 1013 1210 se
1027 1180 1066 1210 ad
1084 1180 1265 1218 meridiem,
1296 1181 1358 1211 illis

799 1225 904 1255 oriens
935 1226 1049 1263 laevus,
1077 1226 1226 1257 occidens
1248 1227 1359 1258 dexter

799 1278 876 1301 erat.
894 1273 1004 1312 Itaque
1022 1271 1094 1302 cum
1123 1274 1260 1304 Romani
1282 1273 1359 1304 laeva

797 1324 827 1347 et
837 1318 960 1348 sinistra
975 1319 1097 1356 omina,
1114 1325 1228 1349 vocant
1243 1319 1358 1357 felicia,

796 1362 907 1393 dextra
922 1365 999 1395 vero
1009 1387 1017 1403 ,
1034 1365 1188 1402 infelicia,
1204 1375 1291 1395 more
1303 1376 1361 1396 suo

796 1409 976 1449 loquuntur
993 1420 1000 1441 :
1027 1410 1100 1441 cum
1121 1412 1246 1442 sinistra
1267 1412 1361 1442 inter-

799 1453 876 1485 dum
906 1463 1041 1495 vocant,
1060 1457 1212 1495 infausta,
1250 1457 1361 1488 dextra

803 1502 889 1541 vero,
900 1503 1011 1540 fausta,
1025 1504 1212 1534 Graecorum
1223 1504 1362 1544 loquun-

800 1555 852 1580 tur
870 1560 968 1580 more.
993 1550 1084 1580 Certe
1101 1560 1235 1580 corvum
1255 1550 1342 1580 hunc
1353 1573 1361 1587 ‚

800 1606 893 1637 quem
915 1607 947 1626 se
962 1597 1187 1626 suscitaturum
1207 1597 1250 1626 ait
1262 1597 1363 1627 Hora-

801 1645 882 1678 tius,
901 1641 982 1672 bene
1004 1644 1177 1673 ominatum
1202 1652 1267 1672 esse
1291 1653 1362 1684 per-

804 1688 915 1719 suadet
929 1690 994 1729 ipsa
1008 1688 1104 1727 hujus
1118 1689 1181 1719 loci
1196 1690 1361 1720 sententia.

805 1737 849 1766 At
861 1735 944 1765 enim
959 1734 1042 1775 apud
1055 1737 1232 1768 Romanos.
1248 1745 1363 1766 corvus

805 1782 823 1811 ὲ
837 1779 947 1811 dextra
964 1781 1090 1818 volans,
1107 1781 1171 1812 hoc
1187 1786 1235 1811 est
1252 1781 1291 1812 ab
1309 1791 1362 1811 oc-

801 1827 926 1857 cidente
936 1849 944 1863 ‚
959 1826 1038 1857 boni
1061 1828 1176 1857 ominis
1193 1835 1258 1858 erat
1270 1838 1278 1864 ;
1290 1827 1364 1858 mali

800 1874 876 1904 vero
887 1872 959 1903 cum
973 1872 990 1902 a
1002 1873 1079 1903 laevat
1089 1896 1098 1911 ,
1107 1873 1173 1903 sive
1189 1873 1228 1903 ab
1243 1874 1364 1904 oriente

800 1919 981 1950 advolaret?
991 1919 1179 1959 Respondeo
1191 1919 1224 1950 id
1236 1919 1363 1960 quidem

800 1966 843 1996 itii
859 1976 891 1996 se
903 1965 1030 2003 habere,
1041 1967 1067 1995 si
1081 1967 1152 2007 quis
1170 1976 1291 1996 morem
1301 1968 1364 1997 Ro-

801 2022 967 2042 manorum
991 2022 1147 2053 augurum
1164 2018 1284 2043 servet:
1299 2013 1365 2042 Ho-

802 2059 917 2088 ratium
935 2057 1010 2088 νει-ὸ
1025 2058 1208 2088 Graecorum
1229 2068 1364 2094 morem,

803 2103 841 2134 de
854 2114 918 2145 quo
927 2102 990 2143 jam
1006 2103 1091 2142 dixi,
1101 2111 1245 2135 secutum
1258 2103 1363 2135 fuisse.

801 2152 822 2182 J
824 2161 940 2181 uvnnc.
