1456 2508
514 129 596 163 LIB.
621 129 637 160 1
660 127 749 163 ODB
771 127 833 160 11.
1242 125 1286 167 59

59 250 487 264 mmmm

795 244 1286 261 mmmmmssw

342 416 511 475 ODE
562 411 1004 474 UNDECIMA

403 592 491 636 AD
527 589 925 636 LEUCONOEN.

58 745 91 776 A
104 744 207 776 vanis
221 743 409 787 astrologice
432 742 713 786 explorationibus
731 741 869 774 deterret
884 743 1097 779 Leuconoen,
1119 739 1280 772 hortatur-

101 813 164 844 que
185 809 238 839 ue,
261 798 436 843 perspeccd
462 800 546 832 vita:
566 799 737 837 brevitate,
754 798 942 842 futurorum
967 797 1117 830 omittam
1145 808 1273 836 curam,

99 857 331 900 voluptatique
346 857 527 900 indulgeat.

52 978 172 1017 Tune
189 977 387 1029 quaesieris
407 977 532 1030 (scire
550 975 700 1029 nefas!)
722 983 748 1024 ¹,
767 988 883 1027 quem
902 974 1017 1022 mihi,
1029 987 1146 1026 quem
1167 974 1239 1013 tibi
1260 981 1275 997 ²

52 1038 188 1078 Finem
204 1037 256 1077 Di
273 1038 468 1088 dederint,
489 1041 715 1085 Leucon0e;
733 1051 804 1075 nec
823 1036 1057 1087 Babylonios

51 1101 228 1140 Tentat-is
243 1114 437 1140 numeros.
458 1104 513 1140 Ut
533 1102 691 1148 melius,
712 1100 899 1152 quicquid
918 1099 1012 1147 erit,
1030 1098 1130 1150 pati!
1149 1097 1164 1122 ³

52 1163 131 1200 Seu
143 1162 280 1214 -plures
298 1162 444 1201 hiemes
463 1162 491 1210 4,
511 1176 580 1201 seu
599 1161 737 1200 tribuit
756 1161 910 1213 Jupiter
929 1160 1125 1207 ultimam,

25 1261 29 1263 ,
53 1225 150 1272 Quae
167 1237 270 1264 nunc
287 1225 477 1277 oppositis
496 1225 672 1264 debilitat
690 1222 912 1277 pumicibus
932 1236 1039 1262 mare
1255 1231 1270 1255 ⁵

99 1397 130 1420 1.
164 1386 253 1418 Scire
280 1386 398 1430 nefas!
427 1387 547 1429 Scripsi
573 1387 630 1418 has

47 1434 127 1467 dnm
154 1444 252 1467 voees
276 1433 363 1466 intr&
393 1435 627 1476 parenthesim,

48 1482 235 1525 qnmqmim
253 1482 430 1514 Lambinus
453 1489 485 1513 et
503 1482 558 1513 alii
577 1484 627 1514 in-

50 1535 205 1573 terpretes
239 1541 290 1562 eas
319 1530 548 1572 separaverint.

51 1595 53 1598 ⁴
97 1588 130 1610 a.
161 1579 265 1620 Quem
295 1576 389 1615 mihi,
420 1588 517 1620 quem
548 1577 626 1616 εἰῶ,-

47 1625 156 1657 innuit
173 1626 287 1658 Horat.
311 1624 408 1668 quim
426 1625 515 1656 dulci
533 1625 628 1657 affec-

47 1679 86 1704 tu
97 1671 172 1716 erga
183 1683 217 1704 se
225 1675 397 1705 Iaeuoonoe
409 1673 626 1713 devinciatur,

47 1717 124 1752 ciam
148 1721 302 1752 amatorie
327 1719 471 1760 tantum,
496 1721 627 1752 foemina

45 1767 200 1810 qnaelibet
215 1767 255 1799 de
275 1769 340 1800 viri
361 1776 447 1800 sorte
472 1779 542 1800 non
565 1770 626 1800 mi-

45 1813 109 1847 mis
130 1814 229 1858 quam
254 1815 294 1846 de
317 1827 376 1846 sua
397 1816 535 1847 sollicita
558 1828 624 1848 esse

44 1863 157 1904 possit.
172 1881 219 1887 --
243 1863 355 1894 Finem
379 1874 391 1893 .·
418 1864 494 1895 vitae
517 1866 625 1896 termi-

45 1919 137 1942 num.
152 1927 199 1935 —-·
219 1910 419 1952 Babylonios
443 1922 594 1942 numeros
611 1924 624 1943 .·

44 1963 147 1989 sortes
169 1957 421 1998 mathematicas,
438 1958 623 1991 Chaldaicas

44 2006 302 2047 computationi„
309 2029 319 2045 ,
328 2016 400 2047 quae
412 2017 623 2038 numerorum

43 2052 322 2084 arithmeticorum
333 2063 408 2084 cum
420 2053 564 2085 siderum
578 2065 623 2086 as-

42 2106 142 2142 pectu
172 2100 344 2132 collatione
377 2100 487 2132 locum
525 2101 623 2133 habe-

41 2145 135 2186 bant3
162 2147 361 2190 Babylonios
382 2155 488 2179 autem
511 2157 621 2188 vocat,

42 2193 132 2237 quod.
148 2195 338 2238 astrologia,
359 2195 375 2226 ὲ
389 2194 553 2234 Chaldaea,
568 2208 624 2227 eu-

37 2241 93 2286 jus
106 2242 256 2286 Babylon
272 2243 351 2274 urbs
368 2244 520 2285 primaria
538 2251 622 2283 erat,

16 2288 30 2329 ’-,
43 2289 180 2324 Romam
193 2290 325 2322 advecta
339 2290 451 2324 hietat.
466 2291 551 2324 mne
567 2293 624 2335 qui

44 2372 61 2379 l

683 1386 920 1417 fallacissimam
929 1386 1019 1418 illam
1028 1393 1131 1417 artem
1139 1385 1225 1428 profi
1229 1393 1270 1418 te-

683 1434 813 1473 bantur,
835 1433 980 1465 Chaldaei
998 1441 1089 1466 erant
1102 1434 1267 1476 appellati.

685 1481 853 1514 Chaldaeis
867 1482 928 1512 sed
939 1481 1047 1525 major
1061 1481 1264 1526 eriefiducia.

682 1533 803 1564 Juveu.
820 1531 886 1568 VI,
908 1528 988 1562 552.

731 1603 763 1634 3.
791 1605 832 1634 Ut
856 1601 986 1640 melius,
1005 1602 1170 1645 quidquid
1185 1603 1260 1641 erit,

675 1649 776 1691 pati!
806 1652 868 1688 Ut,
897 1651 1020 1692 quanto
1044 1650 1178 1692 melius,
1202 1663 1261 1691 ως,

681 1695 750 1729 ὅσον
769 1697 892 1739 βέλτιον
908 1696 1023 1742 φέρειν.

731 1775 762 1807 4.
791 1768 939 1806 Hiemes,
966 1778 1082 1800 annos.
1107 1786 1155 1794 —-·
1181 1770 1263 1811 Quoe

679 1827 766 1847 nunc
779 1815 932 1848 debilitat
941 1827 954 1847 :
966 1825 1041 1858 quae
1056 1815 1261 1849 desaeviendo

678 1871 710 1895 et
726 1870 929 1906 tempestates
946 1864 1143 1896 concitando
1167 1865 1260 1903 facit,

678 1919 716 1943 ut
724 1912 889 1954 Tyrrheni
900 1911 1020 1942 fluctus
1029 1910 1189 1954 (poetica,
1200 1924 1261 1955 pro

678 1960 747 1990 aliis
769 1959 923 1991 omnibus
938 1958 1130 2003 fluctibus),
1146 1959 1186 1991 ad
1204 1971 1260 1991 ex-

677 2018 748 2039 esos
765 2007 919 2049 scopulos
934 2005 1037 2037 multa
1054 2017 1130 2038 cum
1144 2009 1176 2037 vi
1193 2007 1260 2039 alli-

676 2053 795 2086 dantur
808 2062 840 2085 et
854 2054 1056 2097 frangantur.
1070 2056 1196 2086 Pumex
1206 2065 1261 2086 au-

677 2109 743 2134 tem
766 2108 814 2133 est
836 2102 969 2144 propri&
991 2102 1073 2143 lapis
1094 2102 1260 2134 foramini-

675 2150 737 2180 bus
769 2156 921 2192 pertusus
931 2172 939 2188 ,
967 2148 1094 2187 aridus,
1116 2149 1198 2182 levis
1228 2157 1261 2182 et

674 2198 790 2228 siccus.
826 2199 876 2227 La
897 2196 1009 2238 pierre
1042 2207 1159 2238 ponce.
1196 2199 1259 2228 Hic

676 2251 853 2286 usurpatur
881 2255 942 2287 pro
977 2244 1127 2277 cautibus
1155 2245 1260 2278 littori

677 2292 824 2332 objectis.
