1456 2508
482 70 562 104 Lm.
586 70 636 102 111
659 69 748 102 ODE
771 67 832 100 111.

1204 66 1270 96 233

159 134 312 172 Junone
329 129 440 170 Divis
460 127 500 167 ⁵:
522 147 539 164 a
557 129 679 175 Ilion,
699 127 800 166 Ilion
819 126 834 149 ⁶

212 211 230 228 κ
246 193 388 234 Fatalis
407 192 651 241 incestusque
664 189 786 242 judexv
798 217 808 235 ,

267 270 283 289 α
301 256 348 292 Et
365 253 503 291 mulier
519 247 723 302 peregrina
741 247 859 285 vertit
1242 264 1274 279 ι.)

106 363 110 366 ⁴
165 332 181 350 κ
195 317 240 354 In
258 315 475 366 pulverem,
495 326 544 351 ex
557 323 635 362 quo
653 309 828 348 destituit
846 310 950 346 Deos

112 367 123 379 ⁵
163 394 179 411 α
199 375 381 414 Mercede
400 375 512 425 pactzi
530 370 772 417 Laomedon,
790 369 886 407 mihi

217 454 232 471 «
248 439 446 486 Castaeque
464 434 685 472 damnatum
702 431 892 469 Minervae

271 514 287 531 «ι
304 499 400 535 Cum
418 494 564 547 populo
583 501 621 531 et
637 492 735 531 duce
756 491 1014 529 fraudulento.

166 575 182 592 «
198 559 283 596 siun
301 569 372 594 nec
391 559 564 594 Lacoenae
583 552 758 604 splendet
779 551 963 589 adulterae
983 559 998 581 7
1244 563 1274 586 25

166 637 181 653 κ
202 621 386 657 Famosus
403 616 563 667 hospes
580 628 650 652 nec
670 613 813 651 Priami
830 612 968 651 domus

217 695 234 713 «
247 678 408 729 Perjura
425 689 618 728 pugnaces
635 674 805 712 Achivos

273 757 288 774 α
305 738 505 778 Hectoreis
525 736 665 788 opibus
685 735 884 786 refringit,

167 818 183 835 ιι
200 799 428 851 Nostrisque
450 798 608 837 ductum
627 795 882 835 seditionibus

170 880 186 898 «ι
201 863 347 902 Bellum
367 861 508 900 resedit
525 858 551 901 ⁸.
571 859 751 898 Protinus
769 866 807 896 et
826 870 961 910 graves
1250 867 1278 891 ς.)

65 999 229 1045 Fitfiaega‚·
243 1001 315 1032 Rex
325 1001 436 1042 patriis
450 1007 539 1030 astra
549 1006 638 1041 pete-

65 1049 123 1080 bat
134 1049 235 1090 equis.

115 1095 148 1127 5.
170 1095 305 1126 Gratum
321 1091 450 1126 elocucd
471 1092 642 1124 consilian-

67 1142 148 1174 tibus
171 1143 301 1173 Iunone
316 1140 406 1172 DIvis
425 1151 437 1171 :
455 1147 581 1182 gratum
600 1140 644 1170 vi-

67 1189 137 1220 deri
153 1188 268 1220 debuit
277 1211 287 1227 ,
300 1187 389 1230 quod
400 1210 409 1226 ‚
424 1188 576 1229 depositis
592 1185 644 1217 ad-

67 1234 179 1267 versus
192 1236 408 1275 'trojanorum
424 1241 571 1277 posteros
595 1244 646 1263 ve-

66 1282 189 1315 teribus
197 1281 295 1318 odiis,
310 1283 332 1314 J
333 1292 401 1313 uno
409 1283 529 1313 sineret
541 1291 645 1311 unum

68 1341 109 1362 ex
129 1330 169 1360 iis
183 1331 328 1361 Deorum
345 1328 516 1360 ordinibus
534 1327 643 1358 inseri.

67 1376 142 1410 Ιὲιιι
163 1376 268 1415 euim,
293 1387 360 1418 pax
384 1377 470 1407 inter
495 1377 583 1406 Deos
611 1375 648 1405 iu

69 1423 184 1466 magnai
206 1423 262 1454 ins
286 1424 494 1454 contentione
517 1421 579 1452 sibi
600 1421 648 1451 in-

70 1471 175 1502 vicem
226 1470 393 1513 oppositos
409 1491 418 1508 ‚
461 1467 648 1500 restitueba-

72 1525 136 1550 tur.

119 1565 152 1596 6.
171 1563 276 1602 Ilion,
305 1563 394 1595 Ilion
411 1574 422 1594 .·
445 1563 498 1594 Ilii
528 1573 648 1594 nomen

71 1610 183 1654 magni·
204 1621 280 1642 cum
294 1611 327 1641 vi
349 1611 466 1652 repetit
481 1617 587 1651 poeta.
601 1627 648 1633 -—

73 1658 199 1690 Fatalis
216 1658 415 1699 incestusque
430 1657 511 1700 jude
552 1667 563 1688 .·
580 1667 648 1687 non

72 1706 220 1736 nominat
231 1703 376 1736 Paridem
385 1727 394 1744 ,
408 1703 463 1735 sed
475 1714 492 1734 e
554 1702 648 1734 ntum

73 1752 170 1784 titulo
190 1751 354 1793 designat,
371 1752 431 1794 qui
457 1762 495 1782 su
570 1752 650 1781 iram

73 1797 225 1830 adversius
241 1809 316 1829 enm
340 1805 373 1830 et
396 1809 508 1830 omnes
565 1798 650 1837 roja-

72 1857 134 1878 nos
155 1846 381 1878 concitaverat.
409 1846 525 1878 Fatale
576 1855 651 1876 eum

73 1892 167 1932 dicit,
192 1893 229 1924 id
253 1898 302 1924 est
324 1893 466 1924 fatorum
494 1895 560 1924 Tro
574 1884 652 1922 ano2

72 1950 148 1971 rum
162 1950 289 1971 causam
307 1947 340 1971 et
353 1946 535 1979 auctorem;
553 1939 650 1970 inces-

75 1995 162 2025 tum,
187 1997 260 2019 non
289 1994 429 2025 castum,
454 1987 498 2019 ob
521 1993 651 2028 raptum

76 2035 217 2069 Helenae.
238 2052 287 2058 —
310 2034 431 2066 Mulier
449 2033 627 2077 peregrina
639 2045 651 2064 .-

73 2081 230 2113 Helenam
261 2092 392 2124 quoque
427 2082 560 2124 proprio
590 2091 651 2111 uo-

74 2129 162 2160 mine
193 2129 353 2172 appellare
389 2128 656 2171 dedignaturqfa

74 2177 130 2207 Ex
140 2181 212 2218 'quo
226 2187 238 2207 .-
250 2177 296 2207 sie
321 2183 491 2208 construe:
509 2176 646 2207 damna-

694 1008 732 1028 eo
749 1003 893 1038 tempore
905 1019 914 1034 ‚
929 1006 996 1037 quo
999 1019 1069 1028 ......
1079 996 1113 1027 id
1128 1004 1191 1035 est3
1207 1007 1275 1028 non

695 1042 800 1076 solum
822 1043 956 1085 propter
974 1044 1126 1083 injuriam
1144 1044 1225 1075 mihi
1246 1052 1278 1075 et

696 1092 855 1123 Minervae
883 1101 942 1131 per
965 1090 1126 1130 judicium
1157 1091 1279 1123 Paridis

697 1138 837 1176 illatam,
853 1138 951 1176 Troja
974 1138 1070 1169 nobis
1093 1139 1276 1175 damnata,

698 1185 842 1222 addicta,
862 1184 979 1214 devota
995 1185 1076 1224 fuit3
1094 1186 1166 1224 sed,
1183 1184 1199 1216 ὲ
1217 1187 1279 1228 pri-

697 1232 750 1263 maei
766 1232 906 1273 origine,
926 1232 966 1262 ab
988 1233 1066 1274 ipsis
1082 1234 1278 1263 moeniorum

700 1280 768 1319 ejus
784 1278 1001 1309 fundamentis
1011 1303 1020 1318 ‚
1035 1279 1079 1310 ob
1097 1281 1279 1322 perjurium

699 1325 943 1364 Laomedontis,
957 1328 1015 1368 qui
1035 1328 1227 1369 Neptunum
1249 1335 1280 1358 et

700 1373 889 1415 Apollinem
896 1373 1043 1405 mercede
1053 1373 1146 1416 pactu
1157 1374 1281 1405 frauda-

701 1427 801 1451 verat.
816 1422 923 1461 Quam
938 1420 1138 1452 fabulamini
1151 1421 1282 1464 mytho-

700 1468 767 1510 logi
788 1467 972 1508 explicant,
986 1475 1024 1499 nt
1042 1469 1143 1499 velint
1158 1479 1281 1500 sacram

700 1515 873 1556 pecuniam
890 1515 926 1544 in
945 1516 1115 1557 utriusque
1134 1515 1186 1546 dei
1202 1523 1281 1546 tem-

700 1561 763 1603 plis
792 1560 971 1603 depositam
988 1585 996 1600 ‚
1022 1562 1040 1593 ἐι
1068 1562 1285 1594 Laomedonte

702 1611 881 1650 impensam
897 1608 994 1639 fuisse
1016 1610 1057 1641 ad
1076 1611 1283 1642 instauranda

702 1657 808 1696 Trojae
834 1657 952 1686 moenia
968 1679 976 1694 ‚
1004 1668 1110 1699 neque
1137 1657 1283 1699 unquzim

702 1703 743 1734 ab
758 1714 816 1740 eo,
830 1704 880 1733 uti
895 1705 1283 1746 promise1·at,repositam

703 1758 735 1781 et
751 1751 942 1782 restitutam.

753 1808 784 1837 7.
802 1799 955 1829 Luca-nce
966 1798 1124 1829 adulterae
1137 1810 1149 1829 .·
1170 1800 1205 1830 in
1230 1800 1285 1830 da-

704 1846 772 1876 tivo
788 1855 883 1883 casn3
897 1846 953 1886 qui
975 1844 991 1876 ὲ
1007 1847 1204 1885 Maecenate,
1221 1849 1284 1878 He-

703 1892 785 1923 lenae
812 1899 922 1933 patre,
944 1899 982 1923 ut
1004 1892 1118 1935 hospes
1137 1902 1285 1936 acceptus

704 1939 819 1970 fuerat.
848 1957 896 1964 ·—-
919 1941 989 1986 Nec
1018 1940 1144 1971 Priami
1172 1942 1286 1972 domus

704 1986 842 2029 Perjura
851 1997 862 2016 :
877 1988 1000 2018 crimen
1013 1988 1239 2019 Laomedontis
1253 1990 1285 2019 in

705 2041 850 2075 posteros
878 2034 1035 2066 extendit.
1057 2052 1105 2058 —-
1120 2035 1287 2066 Hectoreis

705 2081 838 2122 opibus:
862 2083 1013 2112 Hectoris
1031 2082 1153 2113 virtute
1175 2090 1207 2113 et
1233 2093 1287 2113 au-

705 2128 797 2160 xilio.

754 2176 785 2207 8.
804 2175 995 2218 Noa-trisque
1011 2175 1141 2207 ductum
1159 2176 1288 2208 sedicio-

73 2229 145 2255 eum
162 2222 244 2255 mihi
265 2231 298 2255 et
314 2231 414 2255 casta:
436 2223 590 2256 Minerva·
605 2222 646 2253 ab
700 2222 793 2254 nibus
807 2224 936 2255 Bellum
946 2223 1065 2256 resedit
1078 2236 1089 2254 .·
1103 2231 1136 2255 et
1150 2223 1290 2267 produc-

1055 2278 1123 2316 20*
