1456 2508
179 139 242 159 212

168 259 348 271 mmm
355 258 656 270 mmmmm

568 130 608 169 Q.
632 102 817 159 nomin
840 125 989 158 FLACCI

959 255 1364 269 mmmmm

388 417 536 474 ODE
561 416 875 477 ‚DECIMA
918 414 1130 473 NONA

529 584 1010 629 fflmfflssLMHAEs

724 721 807 746 SIVE

451 834 1088 883 DITHYRAMBUs„

174 999 295 1032 Bacchi
310 1000 476 1042 mysteria,
493 1011 627 1032 munera
638 1023 646 1039 ,
657 1007 870 1041 potestatem,
888 1000 1039 1037 ultiones,
1058 998 1211 1030 victorias
1223 999 1362 1030 celebra-

215 1062 320 1092 turus,
338 1054 372 1085 in
391 1054 492 1096 ipsum
512 1054 674 1086 Bacchum
687 1062 788 1096 poeta
810 1054 922 1085 incidit
928 1066 942 1091 ;
957 1054 1046 1084 illum
1063 1060 1232 1084 canentem
1247 1051 1360 1087 audit;

211 1108 390 1151 praesentiit*
406 1110 470 1141 Dei
483 1110 634 1140 attonitus
647 1117 764 1150 stupet,
778 1109 914 1140 veniam
929 1109 1135 1149 deprecacur;
1151 1118 1228 1138 mox
1236 1130 1246 1144 ‚
1267 1105 1360 1148 quasi

218 1163 285 1204 esus
297 1174 427 1194 assensu
434 1162 550 1206 fietus,
565 1163 658 1204 quasi
665 1164 783 1204 plenus
798 1162 944 1198 numine,
952 1161 1053 1203 fitrt'c,
1070 1168 1201 1199 aestuat,
1216 1160 1316 1196 ardet,
1329 1167 1360 1190 ec

217 1218 251 1249 in
264 1217 460 1248 sublimiores
469 1225 582 1247 cantus
592 1217 736 1258 erumpit.
751 1219 792 1247 In
806 1216 1000 1247 admirando
1010 1215 1066 1246 illo
1077 1214 1237 1252 carmine,
1252 1215 1358 1245 Hora-

216 1272 295 1304 cium
316 1283 387 1303 eum
411 1272 522 1313 aliquo
549 1272 661 1302 Gra-co
670 1269 771 1312 poeta
787 1270 1026 1311 Diclcyrambieo
1040 1268 1354 1311 colluctatumfhisse

209 1325 317 1368 facile
331 1326 473 1357 crederes
482 1337 496 1363 ;
513 1326 685 1357 victoriam
701 1325 843 1356 retulisse
854 1349 863 1364 ‚
881 1325 1022 1356 libenter.

276 1443 463 1478 moenum
482 1441 521 1478 in
538 1442 694 1479 remotis
714 1441 881 1478 carmina
899 1440 1060 1491 rupibus
1078 1449 1091 1462 ²

275 1501 366 1539 Vidi
384 1501 582 1539 docentem
603 1500 767 1553 (credite
786 1501 973 1552 posteri),

222 1630 251 1651 1.
263 1618 488 1659 Dz'clzyrambus
499 1631 510 1650 .·
524 1630 625 1650 unum
635 1620 651 1650 ὲ
661 1621 739 1650 Bac-

173 1666 225 1696 chi
246 1666 446 1704 uominibus,
465 1666 554 1707 quod
572 1665 679 1706 postez'i
701 1665 739 1696 ad

171 1711 309 1754 hymnos
335 1713 369 1742 in
396 1713 463 1750 ejus
482 1713 637 1743 honorem
662 1723 738 1742 con—

172 1759 306 1799 scriptos
327 1758 511 1789 translatum
530 1766 585 1789 est.
611 1758 661 1789 Sic
686 1769 740 1788 au·

171 1803 236 1834 tem
253 1805 493 1845 cognominatus
516 1811 562 1835 est
579 1804 738 1842 Bacchus,

171 1846 262 1893 παρὰ
275 1848 309 1880 τὸ
321 1846 375 1881 διά
389 1847 444 1880 δυὸ
459 1849 550 1894 θύρας
563 1848 602 1886 εὶς
611 1848 661 1880 τόν
673 1847 737 1889 βίον

175 1894 278 1934 βῆναι,
290 1896 363 1937 qui&
377 1907 434 1938 per
448 1896 526 1927 duas
534 1903 639 1938 portas
648 1898 683 1926 iu
694 1898 739 1926 vi-

173 1949 237 1973 tam
254 1943 415 1980 intrasset,
429 1953 469 1972 ex
493 1950 584 1973 utero
599 1941 738 1984 primiim

173 1989 280 2019 matris
299 1989 450 2026 Semeles,
472 1989 585 2019 deinde
610 1990 627 2019 ὁ
656 1987 737 2018 οοκέι

173 2035 263 2065 Jovis
279 2036 394 2076 ,patris
416 2036 475 2066 sui.
501 2036 669 2067 Notissima
695 2034 736 2063 fa-

175 2080 261 2110 bula.

221 2137 251 2157 2.
270 2128 309 2156 In
326 2126 452 2158 remotis
467 2127 591 2168 rupibus
608 2138 618 2156 :
640 2127 674 2156 in
688 2127 735 2156 lo—

174 2174 218 2202 cis
235 2173 328 2203 enim
360 2175 526 2204 inaccessis
540 2197 548 2212 ‚
581 2183 637 2214 per
669 2173 737 2201 avia

173 2220 349 2259 montium,
368 2220 567 2252 celebrantur
586 2219 688 2261 orgia,
705 2217 738 2248 id

791 1626 837 1650 est
865 1618 980 1649 Bacchi
1008 1617 1092 1648 festa.
1115 1634 1161 1641 ---
1180 1619 1355 1648 Ducentem

792 1665 937 1696 carmina
952 1676 962 1695 .·
981 1664 1114 1706 dignum
1138 1669 1204 1694 erat
1233 1663 1355 1694 Baccho

792 1722 859 1742 non
884 1710 988 1742 solinu
1015 1720 1144 1748 cauere,
1169 1709 1224 1740 sed
1246 1707 1356 1740 cannis

792 1757 923 1796 modos,
942 1756 1128 1798 rhythmum
1147 1762 1178 1786 et
1196 1756 1355 1786 materiem

792 1805 972 1845 praecipere.
1005 1802 1054 1834 Sic
1082 1801 1243 1839 Bacchus,
1271 1800 1356 1843 apud

792 1850 935 1891 Euripid.
975 1847 1089 1879 Bacch.
1133 1848 1213 1883 150,
1242 1857 1357 1877 canens

791 1896 1024 1932 introducitur3
1043 1894 1087 1924 sic
1109 1893 1222 1924 Bacchi
1252 1903 1356 1924 comm

791 1949 823 1972 et
842 1943 980 1972 nutritor
1000 1940 1141 1978 Silenus,
1165 1938 1251 1980 apud
1265 1940 1355 1979 Virg.

790 1989 899 2029 Eclog.
915 1989 963 2018 VI
975 2009 984 2025 ‚
1006 1986 1093 2026 AEgle
1109 1985 1264 2018 Naiadum
1285 1985 1356 2026 pul-

791 2035 954 2065 cherrimae
966 2032 1121 2073 praecinit.
1136 2048 1182 2055 —
1197 2030 1272 2060 Vidi
1282 2042 1293 2060 :
1307 2041 1359 2061 au-

793 2090 845 2110 sus
868 2086 915 2110 est
939 2079 1009 2110 loca
1035 2079 1154 2108 caeteris
1176 2077 1359 2107 hominibus

794 2127 934 2156 inaceesa
949 2130 1128 2165 penetrare,
1142 2133 1203 2164 pro
1220 2121 1282 2163 quea
1303 2132 1358 2152 au-

790 2170 878 2202 dacia
892 2172 1016 2201 veniam
1038 2180 1113 2201 mox
1131 2170 1355 2210 deprecaturus

790 2225 845 2249 est.
860 2234 908 2241 —
923 2216 1062 2252 Credite,
1071 2214 1192 2256 posteri
1210 2225 1221 2244 :
1243 2215 1288 2244 rei
1307 2215 1356 2244 in-
