1456 2508
223 124 289 156 288

612 125 653 164 Q.
678 122 858 155 ΗοΒΑΤΠ
881 121 1032 156 mom

326 182 563 219 Crescentem
580 179 752 229 sequitur
771 191 863 216 cura
882 179 1080 230 pecuniam
1096 180 1126 228 ⁴,

326 240 593 290 Majorumque
614 239 740 276 fames.
761 241 783 276 J
786 252 854 278 ure
869 239 1076 289 perhorrui

327 301 419 338 Late
437 300 684 350 conspicuum
702 300 834 337 tollere
850 300 1043 339 verticem.

432 362 618 397 Maecenas
629 387 640 405 ,
657 359 828 410 equitum
847 360 975 398 decus.

1382 378 1412 394 2⁸

328 417 481 465 Quanto
500 419 660 468 quisque
677 416 751 455 sibi
771 417 882 468 plura
899 419 1095 469 negaverit
1109 418 1139 466 ⁵,

329 481 363 516 A
378 477 447 516 Dis
465 479 576 529 plura
594 478 700 516 feret.
719 478 782 516 Nil
800 478 1036 528 cupientium

327 538 464 576 Nudus
481 546 602 575 castra
619 547 726 588 peto,
748 545 785 576 et
800 538 1013 589 transfuga,
1030 537 1199 577 divitum

435 600 564 636 Partes
582 599 755 649 linquere
772 599 891 649 gestio
901 613 912 646 ;

328 660 562 708 contemptae
581 658 755 697 dominus
770 659 1004 709 splendidior
1020 659 1077 696 rei
1095 663 1123 709 ⁶,

1382 669 1412 694 25

331 721 455 765 Quam
473 719 523 767 si,
541 719 727 769 quidquid
746 727 828 757 arat
844 733 920 758 non
938 719 1046 772 piger
1060 721 1252 772 Appulus,

331 779 533 818 Occultare
548 779 640 817 meis
659 779 806 818 dicerer
824 780 990 828 horreis,
1005 813 1010 818 .

434 840 591 889 Magnas
607 840 705 878 inter
718 853 808 891 opes
827 840 948 891 inops.

228 966 358 998 neribus
386 971 573 1007 corruptus,
588 964 606 996 a
623 966 793 1006 Pompeio,

225 1013 318 1052 cujus
358 1012 447 1043 classi
479 1011 646 1052 praefectus
678 1012 794 1050 fuerat,

226 1059 268 1091 ad
280 1059 461 1100 Augustum
480 1058 613 1096 defecit,
632 1059 795 1099 Augusto-

226 1115 289 1147 que
305 1105 442 1135 vicissim
455 1105 578 1143 relicto,
589 1104 628 1134 ad
637 1104 797 1145 Pompeia-

226 1162 282 1183 nas
311 1157 416 1192 partes
448 1150 553 1182 rediit.
582 1151 666 1182 Vide
697 1152 794 1182 Dion.

224 1199 381 1236 XLVIII,
397 1198 440 1234 45
449 1220 457 1236 ,
474 1205 506 1228 et
520 1199 635 1235 XLIX,
656 1207 684 1228 1.

273 1250 306 1281 4.
338 1244 538 1275 Crescentem
560 1243 703 1284 sequitur
718 1253 796 1273 cura

220 1290 393 1331 pecuniam
408 1301 420 1320 .·
437 1291 483 1320 sic
501 1296 656 1320 connecte
672 1299 797 1330 genera-

223 1337 288 1367 lem
307 1337 495 1368 sententiam
520 1346 595 1366 cum
614 1335 795 1376 praeceden-

226 1383 329 1421 tibus;
349 1388 605 1424 quantacumque
622 1383 663 1412 sit
685 1382 732 1414 vis
747 1381 796 1412 di-

224 1429 376 1460 vitiarum
386 1451 396 1467 ,
409 1427 610 1470 nequaquam
625 1428 730 1458 tamen
745 1438 796 1458 ex-

223 1474 370 1517 petendae
394 1482 480 1506 sunt.
507 1475 684 1505 Dominum
712 1474 796 1504 enim

225 1522 415 1564 gravissimis
436 1522 522 1552 curis
540 1521 704 1558 obruunt,
720 1519 797 1550 dum

225 1569 288 1610 ipsi
315 1568 521 1609 cupiditatem
544 1568 709 1608 ingerunt,
728 1567 795 1597 sine

225 1613 292 1646 flue
301 1625 376 1646 cum
384 1615 460 1655 ipsis
469 1614 585 1654 opibus
593 1619 794 1651 crescentem3

225 1667 264 1691 ut
278 1661 363 1692 enim
378 1661 422 1691 ait
436 1659 583 1692 Juvenal.
603 1662 695 1698 xlv,
713 1661 793 1700 139,

230 1707 349 1738 Crescit
373 1717 469 1738 amor
491 1705 614 1736 nummi
640 1707 794 1748 quantiam

228 1753 299 1794 ipsa
306 1752 449 1794 pecunia
460 1752 580 1784 crescit.

276 1799 308 1831 5.
335 1799 463 1840 Quanti)
477 1798 609 1840 quisque
627 1797 686 1829 sibi
697 1799 796 1840 plura

230 1845 394 1888 negaverit
415 1856 426 1876 .-
455 1846 577 1886 quanto
597 1845 691 1886 plura
711 1846 798 1886 quis-

230 1893 316 1934 piam
332 1902 397 1922 suae
412 1891 581 1932 cupiditati
598 1892 800 1933 denegaverit

231 1935 288 1979 (id
303 1944 350 1969 est
361 1938 482 1979 quanto
497 1938 700 1979 paucioribus
721 1948 798 1968 con-

230 1991 339 2016 tentus
353 1995 419 2016 esse
431 1984 569 2015 voluerit
578 2007 587 2022 ‚
600 1994 666 2014 suae
679 1983 800 2025 cupidi-

230 2032 288 2062 tati
299 2041 421 2062 morem
429 2040 498 2062 non
511 2041 622 2072 gerens
631 2052 640 2068 ‚
649 2031 700 2060 vel
711 2041 800 2060 suam

232 2077 439 2118 cupiditatem
475 2076 682 2118 refraenans),
712 2077 801 2108 tanto

230 2125 385 2163 majorem
407 2123 540 2154 deorum
557 2125 591 2154 in
609 2133 642 2153 se
664 2122 802 2153 liberali-

200 2179 203 2181 *
231 2176 327 2202 tatem
339 2171 531 2212 experietur,
546 2177 578 2200 et
593 2169 681 2200 tanto
704 2169 802 2200 ditior

232 2215 273 2246 ab
299 2217 367 2248 aliis
393 2215 543 2248 reddetur
559 2240 567 2255 ‚
599 2216 711 2257 utpote
737 2214 800 2254 jam

848 973 1018 997 contentus
1029 966 1068 998 iis
1085 976 1157 1007 quae
1170 965 1276 998 habet.
1291 966 1416 998 Tritum
1450 998 1456 1001 .

847 1014 939 1043 etiam
955 1012 1058 1044 illud·
1077 1013 1155 1054 Quis
1170 1011 1343 1054 plurimum
1361 1011 1417 1043 lia-

847 1059 924 1089 bet?
952 1058 978 1089 is
998 1060 1055 1100 qui
1068 1059 1233 1090 minimum
1258 1058 1354 1100 cupit.
1370 1075 1417 1083 —-

848 1122 893 1128 —-
904 1105 963 1136 Nil
974 1104 1167 1146 cupientium
1180 1106 1292 1137 Nudus
1309 1112 1416 1135 castra

845 1159 920 1192 peto
937 1162 948 1182 :
967 1153 1025 1182 etsi
1036 1163 1102 1183 non
1124 1152 1212 1183 dives
1223 1174 1232 1190 ,
1245 1158 1349 1193 partes
1363 1161 1416 1182 co-

848 1209 921 1228 rum
944 1198 1115 1239 amplector
1136 1199 1195 1240 qui
1212 1209 1279 1229 non
1299 1198 1416 1236 majora

847 1243 1111 1284 expetunt‚quz¹1m
1121 1254 1192 1285 quae
1198 1243 1371 1286 possident.
1387 1245 1417 1275 Ο

849 1290 994 1321 divinum
1003 1292 1181 1328 Horatium,
1195 1289 1349 1321 exclamat
1359 1289 1414 1320 hic

848 1338 942 1368 Joan.
967 1335 1075 1374 Bond,
1093 1346 1188 1377 quem
1214 1337 1249 1367 in
1268 1336 1331 1368 hoc
1350 1337 1414 1367 uti-

849 1381 923 1413 nam
943 1382 1114 1415 Christiani
1133 1379 1352 1414 imitarentur!
1369 1398 1416 1407 —--

852 1427 1035 1470 Transfuga
1050 1440 1063 1460 .·
1085 1440 1151 1460 vox
1173 1429 1228 1460 illa
1247 1427 1416 1471 tranfiga

848 1476 887 1505 iis
908 1475 1059 1513 vocibus,
1077 1483 1182 1505 casem
1195 1481 1288 1516 peto,
1302 1482 1417 1516 partes

849 1522 993 1562 linquere
1004 1544 1014 1558 ‚
1031 1522 1172 1563 apprime
1183 1522 1362 1563 respondet.

891 1568 923 1599 6.
942 1569 1138 1609 Contempta:
1149 1567 1296 1598 dominus
1312 1568 1417 1609 splen·

848 1614 955 1645 didior
1003 1613 1052 1644 rei

846 1661 882 1691 in
912 1661 1064 1701 opinione
1090 1659 1218 1702 publicai
1245 1667 1374 1698 tenens3
1397 1659 1416 1691 a

846 1709 925 1738 meis
950 1707 1092 1745 civibus,
1118 1705 1137 1737 a
1162 1714 1210 1746 te,
1239 1709 1418 1744 Maecenas.

1079 1624 1091 1644 .·
1118 1614 1260 1645 altiorem
1306 1614 1416 1645 locum
1451 1603 1456 1635 ’-

845 1754 946 1795 pluris
959 1754 1142 1791 aestimatus,
1157 1764 1231 1784 cum
1243 1763 1277 1784 re
1291 1752 1360 1784 mea
1375 1760 1419 1785 te·
1454 1778 1456 1780 -

849 1798 1012 1836 unissima,
1026 1809 1098 1840 qnae
1110 1799 1192 1830 forte
1203 1798 1222 1830 a
1235 1799 1357 1842 vulgari
1367 1800 1417 1831 in-
1454 1831 1456 1834 ,

850 1847 935 1888 genii
946 1845 1130 1877 homiuibus
1144 1847 1418 1878 contemnitur.—-
1454 1855 1456 1890 j

853 1892 1022 1922 Occulcare
1039 1902 1051 1922 .·
1071 1892 1156 1923 recte
1182 1891 1310 1933 quidem
1338 1892 1417 1924 dicit

851 1938 1010 1969 occultare
1017 1950 1031 1976 ;
1054 1948 1124 1969 non
1147 1938 1231 1970 enim
1247 1939 1342 1969 miser
1369 1945 1417 1970 est

851 1985 908 2025 qui
923 1995 1066 2026 magnam
1079 1983 1231 2015 frumenti
1244 1985 1366 2026 copiam
1380 1985 1416 2017 in

851 2031 973 2062 horreis
988 2032 1067 2068 suis,
1083 2030 1241 2072 legitimus
1256 2041 1416 2072 possessor

852 2084 885 2108 et
899 2077 1038 2108 liberalis
1059 2076 1274 2118 dispensator,
1301 2087 1415 2118 congo-

853 2124 913 2162 rit3
925 2123 981 2154 sed
994 2125 1052 2165 qui
1071 2130 1228 2166 congestae
1239 2132 1352 2153 avarus
1367 2124 1415 2154 in·
1454 2125 1456 2127 '

854 2170 967 2209 cubat,
991 2177 1022 2201 et
1052 2169 1092 2200 de
1121 2168 1252 2211 publici
1281 2175 1415 2210 egestate

852 2217 979 2248 lucrum
1012 2217 1219 2256 immensum,
1259 2225 1416 2248 annonam

1452 2232 1456 2336 3
