1456 2508
617 88 658 128 ρ.
681 85 866 121 nomm
888 86 1040 119 ruem

330 143 495 189 Texere3
511 141 650 179 mirum
666 142 771 192 quod
790 142 888 180 foret
906 142 1081 181 omnihus
1100 142 1130 190 4,

333 200 571 250 Quicumque
587 201 693 238 celsae
708 201 840 239 nidum
856 201 1117 248 Acheronti-as,

382 261 583 310 Saltusque
603 261 799 309 Bantinos,
814 270 852 299 et
869 275 1003 300 arvum

960 6 978 14 x

432 320 575 370 Pingue
594 329 721 358 tenent
736 321 888 360 humilis
904 321 1078 369 Ferenti,

330 381 382 416 Ut
399 386 481 416 tuto
498 379 545 417 ab
562 381 652 419 atris
671 394 833 432 corpore
849 382 1011 433 viperis,

329 438 563 486 Dormirem,
583 449 620 477 et
640 441 756 489 ursis3
775 449 817 478 ut
836 453 1029 492 premerer
1045 441 1153 479 sacra

383 500 586 549 Lauroque
595 527 606 546 ,
625 501 835 551 collatAque
850 509 992 551 myrto,

434 560 519 594 Non
539 559 618 596 sine
637 558 706 596 Dis
725 560 915 599 animosus
930 560 1065 598 infans.
1381 575 1412 592 ²0

331 617 466 653 Vester
483 615 510 662 5,
528 619 733 666 Camoenae,
754 628 879 657 vester
897 620 937 657 in
953 619 1092 657 arduos

228 745 318 786 Virg.
341 744 463 776 AEneid.
487 747 552 784 VI,
577 746 664 785 5203
687 754 718 778 et
745 759 796 780 ex·

228 788 366 831 pressius
375 802 416 822 ex
427 793 578 831 Homero,
590 793 681 825 Iliad.
695 804 725 832 κ,
740 795 795 836 98:

229 839 373 880 Καματῳ
385 834 556 875 ἀδδηκότες
565 836 624 873 ἠδέ
633 837 687 872 καὶ
698 839 796 885 ὕπνῳ·

277 888 308 918 4.
318 883 435 915 Mirum
445 885 534 926 quod
533 885 626 927 sorec
634 887 776 917 omnibus
786 898 797 917 :

229 928 314 959 unde
329 930 433 961 mirati
447 938 522 961 sunt
542 943 652 963 omnes
670 933 797 975 Apuliae

225 975 352 1006 incolae.
362 976 442 1016 Conj
446 987 528 1019 unge
538 988 611 1008 cnm
617 980 709 1010 initio
717 986 795 1010 stro-

229 1021 308 1062 phes
326 1024 503 1063 sequentis3
524 1024 608 1055 unde
619 1047 628 1062 ‚
644 1026 792 1067 inquam,

228 1067 332 1098 mirati
362 1075 438 1100 sunt
475 1069 531 1110 qui
565 1070 636 1101 fieri
668 1079 773 1113 posset
784 1096 793 1112 ‚

228 1119 283 1151 ut,
301 1120 361 1145 etc.
382 1131 428 1139 ——
451 1115 550 1146 Celsae
564 1117 673 1148 nidum
689 1117 794 1149 Ache-

229 1160 343 1190 rontioe
365 1170 376 1190 :
402 1169 469 1192 erat
491 1162 568 1192 urbs
596 1165 712 1205 exigua
722 1187 730 1202 ,
760 1167 795 1195 in

229 1206 357 1247 Apuliae
377 1207 497 1247 limite,
516 1210 575 1240 sita
588 1212 622 1240 in
640 1210 726 1241 edito
746 1211 795 1241 lo-

229 1262 285 1291 co,
302 1263 389 1283 nunc
413 1253 550 1286 Cirenza
569 1256 694 1288 dicitur.
711 1258 796 1288 Aves

226 1299 261 1328 in
277 1298 442 1333 altioribus
461 1301 540 1332 locis
562 1302 654 1333 nidos
676 1313 796 1343 ponere

228 1345 342 1376 solent.
358 1346 487 1385 Bantia,
503 1349 671 1378 Ferentum
683 1371 692 1386 ,
707 1350 796 1390 oppi-

229 1389 268 1421 da
282 1390 392 1421 itidem
404 1393 543 1434 Apuliae.
557 1412 604 1417 —
619 1397 661 1425 Ut
667 1406 796 1436 preme-

228 1447 280 1467 rer
297 1447 309 1466 .·
325 1437 482 1479 significat
502 1440 599 1481 quam
623 1440 798 1472 abundanti

228 1494 384 1516 novarum
405 1485 570 1517 frondium
592 1486 684 1528 copia
706 1489 724 1517 a
741 1498 795 1528 pa-

229 1530 393 1562 lumbibus
420 1540 590 1574 coopertus
615 1534 720 1564 fuerit.
748 1551 796 1558 ·--

230 1574 332 1607 Sacra
358 1578 449 1609 lauro
463 1590 475 1609 .·
501 1579 647 1620 Apollini
673 1579 774 1611 dicata
785 1605 793 1620 ‚

228 1633 299 1663 quae
315 1625 483 1655 Horatium
495 1632 621 1666 poetam
634 1629 795 1668 praesagie-

228 1668 293 1700 bat.
312 1687 359 1694 —
377 1669 568 1712 Collatc‘z‘que
581 1679 683 1712 myrto
692 1683 704 1703 .·
715 1672 792 1712 lata,

229 1715 375 1757 congesta
388 1716 483 1748 simul
496 1728 570 1748 cum
584 1719 679 1749 lauris
690 1730 698 1757 ;
709 1730 795 1761 myr-

229 1767 278 1791 tus
295 1769 399 1792 autem
419 1765 539 1795 Venem·
560 1773 740 1796 consecrata
756 1767 794 1796 si-

228 1807 400 1848 gnifieabat
408 1820 478 1840 eum
489 1821 538 1840 res
550 1813 713 1842 amatorias
725 1822 793 1843 can-

229 1850 380 1887 taturum.
398 1873 444 1879 —
459 1857 536 1886 Non
552 1857 622 1887 sine}
646 1855 705 1888 Dss
726 1857 793 1888 ani-

229 1910 334 1930 mosus
356 1901 463 1944 infans
480 1913 492 1932 :
509 1903 600 1934 locus
622 1914 689 1934 non
709 1910 793 1935 caret

228 1944 426 1980 difficultate.
462 1950 567 1990 Quem
602 1951 686 1980 enim
721 1950 793 1981 ani-

230 2003 326 2030 mum,
337 2004 434 2035 quam
442 1994 661 2026 fortitudinem
671 1999 792 2038 praesti-

230 2040 268 2070 tit
276 2050 372 2080 puer,
392 2042 448 2082 qui
462 2041 537 2072 ludo
541 2041 703 2084 fatigatus
716 2053 793 2074 ocu-

228 2085 277 2116 los
299 2096 412 2118 somno
435 2088 555 2118 invitus
581 2089 715 2119 clausit?
743 2090 793 2120 Sic

229 2131 293 2162 fere
331 2134 603 2175 interpretandum
645 2135 791 2167 arbitror.

228 2179 491 2222 Quantacumque
506 2182 545 2212 sit
561 2191 662 2223 puero
676 2182 793 2212 virium

848 748 1048 791 defatigatio,
1075 755 1202 790 superat
1237 749 1343 780 tamen
1373 759 1414 781 ex

848 795 984 826 ferarum
1005 796 1142 834 vicinio,
1168 805 1209 826 ex
1228 794 1296 836 ipsi
1319 794 1413 826 etiam

848 843 1006 872 montium
1027 847 1221 872 semotorum
1242 841 1412 873 solitudine

847 889 993 918 incussus
1013 889 1113 927 major
1135 894 1256 926 metus,
1278 889 1334 929 qui
1351 890 1413 929 ipsi

849 934 888 964 ad
920 934 1106 976 fugiendum
1133 933 1235 964 robur
1264 934 1412 975 suppedi-

849 987 938 1012 taret.
965 983 1069 1022 Quem
1091 981 1237 1011 timorem
1262 981 1319 1020 qui
1340 981 1411 1010 viu-

846 1037 917 1058 cere
930 1029 1056 1068 potuit,
1071 1026 1245 1067 maluitque
1259 1026 1412 1067 tranquil—

845 1073 913 1103 lum
927 1083 1076 1104 somnum
1092 1083 1218 1113 carpere
1228 1094 1236 1110 ,
1252 1071 1346 1113 quam
1361 1083 1412 1102 re·

848 1119 1029 1157 trocedere,
1054 1120 1081 1150 is
1105 1129 1173 1148 non
1195 1129 1236 1148 ex
1260 1117 1412 1148 imbecilli

847 1164 959 1195 naturai
969 1188 978 1203 ,
992 1165 1046 1195 sed
1059 1176 1098 1196 ex
1111 1163 1327 1206 potentissima
1341 1164 1412 1195 deo-

847 1221 918 1241 rum
936 1210 1033 1242 tutela
1048 1212 1169 1242 animos
1183 1211 1327 1251 sumpsit.
1337 1212 1362 1242 F
1364 1211 1414 1240 uit

846 1255 945 1298 igitur
957 1257 990 1287 id
1001 1267 1184 1288 concessum
1198 1255 1216 1286 ἐι
1229 1258 1332 1287 Musis
1344 1258 1412 1288 Ho-

847 1304 928 1333 ran'o
944 1302 1046 1333 adhuc
1059 1303 1192 1340 infanti,
1209 1309 1244 1333 ut
1261 1302 1411 1334 affectum

847 1348 938 1379 illum
963 1360 1028 1390 quo
1056 1357 1128 1380 aetas
1157 1349 1271 1379 tenella
1298 1359 1411 1391 puero-

848 1405 919 1425 rum
944 1396 1105 1437 praecipue
1130 1395 1296 1434 turbatur,
1317 1396 1411 1426 timo-

848 1451 915 1471 rem
942 1442 1081 1479 scilicet,
1113 1441 1330 1483 pei-domaret,
1355 1449 1409 1479 et,

849 1487 983 1529 duplicis
1004 1488 1140 1529 periculi
1159 1497 1308 1526 securus,
1328 1489 1411 1519 inter

847 1535 970 1574 viperas
1016 1541 1047 1564 et
1087 1544 1178 1564 ursos
1215 1533 1410 1565 dormitaret.

848 1580 1073 1611 Condonemus
1092 1587 1197 1610 autem
1216 1587 1319 1621 poetae
1337 1591 1411 1611 nos·

847 1633 897 1656 tro
925 1634 962 1657 ut
985 1637 1052 1656 rem
1078 1627 1112 1656 in
1137 1626 1199 1667 quii
1225 1626 1307 1656 nihil
1330 1627 1412 1656 inest

846 1674 1038 1714 portentosi,
1054 1672 1207 1714 peculiari
1215 1672 1349 1703 deorum
1359 1683 1411 1714 pa-v

847 1720 984 1750 trocinio
991 1721 1136 1760 imputet.
1144 1715 1411 1761 Prosessionepicss·

847 1765 921 1795 tatis
929 1765 1078 1795 laudatus
1090 1763 1150 1795 eric
1161 1773 1218 1795 auc
1228 1772 1406 1801 excusatus,

845 1818 881 1841 ut
902 1812 948 1840 ait
965 1812 1092 1842 Tacitus
1103 1833 1111 1849 ,
1130 1811 1228 1841 vitam
1245 1811 1348 1842 soceri
1360 1812 1409 1841 sui

845 1857 1002 1898 Agricolae
1017 1858 1204 1898 scripturus.

883 1905 912 1934 5.
928 1905 1038 1934 Vester
1054 1913 1065 1933 :
1094 1902 1184 1933 filum
1215 1902 1369 1934 Ariadnes
1394 1902 1411 1933 ὁ

846 1949 992 1980 manibus
1012 1949 1144 1991 legentis
1170 1960 1238 1982 uon
1258 1948 1383 1980 excidat
1402 1959 1410 1980 :

846 2007 887 2026 ex
904 2006 942 2026 eo
956 2003 1106 2037 tempore,
1118 1995 1138 2025 ὁ
1151 1997 1254 2026 Musae
1263 2017 1272 2034 ,
1285 2005 1349 2036 quo
1359 2003 1409 2026 me

844 2042 995 2072 infantem
1009 2042 1202 2080 servavistis,
1218 2047 1303 2072 totns
1318 2041 1409 2071 vobis

845 2088 988 2119 addictus
1016 2098 1105 2126 sum;
1128 2094 1272 2119 vestram
1297 2088 1332 2118 in
1359 2097 1408 2117 me

846 2135 1067 2165 auctoritatem
1090 2143 1244 2176 agnosco3
1263 2140 1405 2164 vestrum

845 2192 895 2211 me
913 2181 1060 2212 clientem
1071 2178 1234 2222 profiteor.
1251 2197 1295 2204 --
1309 2181 1349 2210 In
1360 2189 1408 2210 ar-
