<?xml version="1.0" encoding="UTF-8"?>
<!DOCTYPE html PUBLIC "-//W3C//DTD XHTML 1.0 Transitional//EN"
    "http://www.w3.org/TR/xhtml1/DTD/xhtml1-transitional.dtd">
<html xmlns="http://www.w3.org/1999/xhtml" xml:lang="en" lang="en">
 <head>
  <title>
</title>
<meta http-equiv="Content-Type" content="text/html;charset=utf-8" />
  <meta name='ocr-system' content='tesseract 3.04.00' />
  <meta name='ocr-capabilities' content='ocr_page ocr_carea ocr_par ocr_line ocrx_word'/>
</head>
<body>
  <div class='ocr_page' id='page_1' title='image "./quintushoratiusf01horauoft_0027.png"; bbox 0 0 1416 2508; ppageno 0'>
   <div class='ocr_carea' id='block_1_1' title="bbox 540 148 1283 190">
    <p class='ocr_par' dir='ltr' id='par_1_1' title="bbox 540 148 1283 190">
     <span class='ocr_line' id='line_1_1' title="bbox 540 148 1283 190; baseline 0.007 -5"><span class='ocrx_word' id='word_1_1' title='bbox 540 148 824 187; x_wconf 70' lang='lat' dir='ltr'><strong>PRAEEATIO.</strong></span> <span class='ocrx_word' id='word_1_2' title='bbox 1240 165 1283 190; x_wconf 76' lang='lat' dir='ltr'><strong>xx</strong></span> 
     </span>
    </p>
   </div>
   <div class='ocr_carea' id='block_1_2' title="bbox 45 228 1283 2319">
    <p class='ocr_par' dir='ltr' id='par_1_2' title="bbox 45 228 1283 1506">
     <span class='ocr_line' id='line_1_2' title="bbox 119 228 1281 287; baseline 0.001 -15"><span class='ocrx_word' id='word_1_3' title='bbox 119 228 262 286; x_wconf 79' lang='lat' dir='ltr'><strong>Quem</strong></span> <span class='ocrx_word' id='word_1_4' title='bbox 303 231 408 272; x_wconf 78' lang='lat' dir='ltr'><strong>vero</strong></span> <span class='ocrx_word' id='word_1_5' title='bbox 451 229 496 271; x_wconf 85' lang='lat' dir='ltr'><strong>in</strong></span> <span class='ocrx_word' id='word_1_6' title='bbox 545 228 691 287; x_wconf 77' lang='lat' dir='ltr'><strong>lyricis</strong></span> <span class='ocrx_word' id='word_1_7' title='bbox 740 228 1034 272; x_wconf 65' lang='lat' dir='ltr'><strong>felicissimum</strong></span> <span class='ocrx_word' id='word_1_8' title='bbox 1084 229 1281 286; x_wconf 84' lang='lat' dir='ltr'><strong>Pindari,</strong></span> 
     </span>
     <span class='ocr_line' id='line_1_3' title="bbox 56 297 1283 358; baseline -0.002 -16"><span class='ocrx_word' id='word_1_9' title='bbox 56 298 258 358; x_wconf 69' lang='lat' dir='ltr'><strong>Sapphus</strong></span> <span class='ocrx_word' id='word_1_10' title='bbox 299 308 342 339; x_wconf 80' lang='lat' dir='ltr'><strong>et</strong></span> <span class='ocrx_word' id='word_1_11' title='bbox 391 297 520 340; x_wconf 81' lang='lat' dir='ltr'><strong>Aleaei</strong></span> <span class='ocrx_word' id='word_1_12' title='bbox 561 297 781 351; x_wconf 72' lang='lat' dir='ltr'><strong>aemulum,</strong></span> <span class='ocrx_word' id='word_1_13' title='bbox 827 297 946 339; x_wconf 72' lang='lat' dir='ltr'><strong>nunc</strong></span> <span class='ocrx_word' id='word_1_14' title='bbox 985 297 1040 339; x_wconf 89' lang='lat' dir='ltr'><strong>ad</strong></span> <span class='ocrx_word' id='word_1_15' title='bbox 1083 298 1283 340; x_wconf 83' lang='lat' dir='ltr'><strong>sublimia</strong></span> 
     </span>
     <span class='ocr_line' id='line_1_4' title="bbox 58 364 1283 420; baseline -0.003 -9"><span class='ocrx_word' id='word_1_16' title='bbox 58 365 322 420; x_wconf 74' lang='lat' dir='ltr'>evolantem,</span> <span class='ocrx_word' id='word_1_17' title='bbox 352 364 470 408; x_wconf 76' lang='lat' dir='ltr'><strong>nunc</strong></span> <span class='ocrx_word' id='word_1_18' title='bbox 502 364 694 407; x_wconf 84' lang='lat' dir='ltr'><strong>de-coelo</strong></span> <span class='ocrx_word' id='word_1_19' title='bbox 729 367 774 408; x_wconf 91' lang='lat' dir='ltr'><strong>in</strong></span> <span class='ocrx_word' id='word_1_20' title='bbox 811 374 947 408; x_wconf 85' lang='lat' dir='ltr'><strong>terras</strong></span> <span class='ocrx_word' id='word_1_21' title='bbox 979 365 1185 408; x_wconf 86' lang='lat' dir='ltr'><strong>reducem</strong></span> <span class='ocrx_word' id='word_1_22' title='bbox 1201 398 1213 420; x_wconf 88' lang='lat'>‚</span> <span class='ocrx_word' id='word_1_23' title='bbox 1240 377 1283 408; x_wconf 86' lang='lat' dir='ltr'><strong>et</strong></span> 
     </span>
     <span class='ocr_line' id='line_1_5' title="bbox 57 433 1281 495; baseline -0.001 -17"><span class='ocrx_word' id='word_1_24' title='bbox 57 435 280 495; x_wconf 81' lang='lat' dir='ltr'><strong>Epicureis</strong></span> <span class='ocrx_word' id='word_1_25' title='bbox 298 433 572 494; x_wconf 79' lang='lat' dir='ltr'><strong>dogmatibus</strong></span> <span class='ocrx_word' id='word_1_26' title='bbox 587 434 827 477; x_wconf 76' lang='lat' dir='ltr'><strong>Socraticas</strong></span> <span class='ocrx_word' id='word_1_27' title='bbox 839 435 1047 476; x_wconf 87' lang='lat' dir='ltr'><strong>lectiones</strong></span> <span class='ocrx_word' id='word_1_28' title='bbox 1061 434 1281 477; x_wconf 88' lang='lat' dir='ltr'><strong>intermis-</strong></span> 
     </span>
     <span class='ocr_line' id='line_1_6' title="bbox 56 500 1282 560; baseline -0.002 -13"><span class='ocrx_word' id='word_1_29' title='bbox 56 515 226 547; x_wconf 79' lang='lat' dir='ltr'><strong>centem</strong></span> <span class='ocrx_word' id='word_1_30' title='bbox 253 503 397 545; x_wconf 87' lang='lat' dir='ltr'><strong>mirati</strong></span> <span class='ocrx_word' id='word_1_31' title='bbox 415 517 593 556; x_wconf 87' lang='lat' dir='ltr'><strong>sumus;</strong></span> <span class='ocrx_word' id='word_1_32' title='bbox 614 500 815 544; x_wconf 89' lang='lat' dir='ltr'><strong>eumdem</strong></span> <span class='ocrx_word' id='word_1_33' title='bbox 834 502 1080 546; x_wconf 87' lang='lat' dir='ltr'><strong>videbimus</strong></span> <span class='ocrx_word' id='word_1_34' title='bbox 1098 502 1144 544; x_wconf 90' lang='lat' dir='ltr'><strong>in</strong></span> <span class='ocrx_word' id='word_1_35' title='bbox 1161 502 1282 560; x_wconf 76' lang='lat' dir='ltr'><strong>Saty-</strong></span> 
     </span>
     <span class='ocr_line' id='line_1_7' title="bbox 56 568 1281 628; baseline -0.002 -15"><span class='ocrx_word' id='word_1_36' title='bbox 56 572 114 613; x_wconf 83' lang='lat' dir='ltr'><strong>ris</strong></span> <span class='ocrx_word' id='word_1_37' title='bbox 136 584 279 613; x_wconf 88' lang='lat' dir='ltr'><strong>mores</strong></span> <span class='ocrx_word' id='word_1_38' title='bbox 305 569 503 628; x_wconf 88' lang='lat' dir='ltr'><strong>publicos</strong></span> <span class='ocrx_word' id='word_1_39' title='bbox 533 570 813 628; x_wconf 80' lang='lat' dir='ltr'><strong>privatosque</strong></span> <span class='ocrx_word' id='word_1_40' title='bbox 842 571 989 613; x_wconf 77' lang='lat' dir='ltr'><strong>severe</strong></span> <span class='ocrx_word' id='word_1_41' title='bbox 1017 568 1281 628; x_wconf 87' lang='lat' dir='ltr'><strong>redarguen-</strong></span> 
     </span>
     <span class='ocr_line' id='line_1_8' title="bbox 58 637 1280 694; baseline -0.002 -13"><span class='ocrx_word' id='word_1_42' title='bbox 58 651 168 693; x_wconf 88' lang='lat' dir='ltr'><strong>tem;</strong></span> <span class='ocrx_word' id='word_1_43' title='bbox 188 639 234 680; x_wconf 88' lang='lat' dir='ltr'><strong>in</strong></span> <span class='ocrx_word' id='word_1_44' title='bbox 252 653 404 681; x_wconf 80' lang='lat' dir='ltr'><strong>avaros</strong></span> <span class='ocrx_word' id='word_1_45' title='bbox 418 670 430 691; x_wconf 88' lang='lat'>‚</span> <span class='ocrx_word' id='word_1_46' title='bbox 454 637 498 680; x_wconf 91' lang='lat' dir='ltr'><strong>in</strong></span> <span class='ocrx_word' id='word_1_47' title='bbox 533 637 794 694; x_wconf 86' lang='lat' dir='ltr'><strong>nebulones,</strong></span> <span class='ocrx_word' id='word_1_48' title='bbox 811 639 856 680; x_wconf 91' lang='lat' dir='ltr'><strong>in</strong></span> <span class='ocrx_word' id='word_1_49' title='bbox 879 637 1148 680; x_wconf 84' lang='lat' dir='ltr'><strong>adversarios</strong></span> <span class='ocrx_word' id='word_1_50' title='bbox 1176 651 1280 679; x_wconf 91' lang='lat' dir='ltr'><strong>suos</strong></span> 
     </span>
     <span class='ocr_line' id='line_1_9' title="bbox 57 703 1278 764; baseline -0.003 -16"><span class='ocrx_word' id='word_1_51' title='bbox 57 706 316 748; x_wconf 67' lang='lat' dir='ltr'><strong>Terentianzi</strong></span> <span class='ocrx_word' id='word_1_52' title='bbox 341 705 544 748; x_wconf 85' lang='lat' dir='ltr'><strong>comitate</strong></span> <span class='ocrx_word' id='word_1_53' title='bbox 567 705 807 764; x_wconf 54' lang='lat' dir='ltr'><strong>eademque</strong></span> <span class='ocrx_word' id='word_1_54' title='bbox 826 706 1006 764; x_wconf 73' lang='lat' dir='ltr'><strong>prorsus</strong></span> <span class='ocrx_word' id='word_1_55' title='bbox 1025 705 1153 747; x_wconf 87' lang='lat' dir='ltr'><strong>metri</strong></span> <span class='ocrx_word' id='word_1_56' title='bbox 1173 703 1278 746; x_wconf 87' lang='lat' dir='ltr'><strong>faci-</strong></span> 
     </span>
     <span class='ocr_line' id='line_1_10' title="bbox 54 771 1278 832; baseline -0.002 -16"><span class='ocrx_word' id='word_1_57' title='bbox 54 773 172 816; x_wconf 83' lang='lat' dir='ltr'><strong>litate</strong></span> <span class='ocrx_word' id='word_1_58' title='bbox 202 773 474 826; x_wconf 81' lang='lat' dir='ltr'><strong>saevientem3</strong></span> <span class='ocrx_word' id='word_1_59' title='bbox 500 788 603 815; x_wconf 85' lang='lat' dir='ltr'><strong>mox</strong></span> <span class='ocrx_word' id='word_1_60' title='bbox 628 773 674 815; x_wconf 90' lang='lat' dir='ltr'><strong>in</strong></span> <span class='ocrx_word' id='word_1_61' title='bbox 701 774 905 832; x_wconf 90' lang='lat' dir='ltr'><strong>Epistolis</strong></span> <span class='ocrx_word' id='word_1_62' title='bbox 934 790 1035 816; x_wconf 88' lang='lat' dir='ltr'><strong>cum</strong></span> <span class='ocrx_word' id='word_1_63' title='bbox 1063 771 1278 831; x_wconf 86' lang='lat' dir='ltr'><strong>magnati-</strong></span> 
     </span>
     <span class='ocr_line' id='line_1_11' title="bbox 55 843 1277 900; baseline -0.002 -15"><span class='ocrx_word' id='word_1_64' title='bbox 55 843 157 898; x_wconf 86' lang='lat' dir='ltr'><strong>bus,</strong></span> <span class='ocrx_word' id='word_1_65' title='bbox 190 857 290 884; x_wconf 89' lang='lat' dir='ltr'><strong>cum</strong></span> <span class='ocrx_word' id='word_1_66' title='bbox 317 853 505 899; x_wconf 85' lang='lat' dir='ltr'><strong>patrono</strong></span> <span class='ocrx_word' id='word_1_67' title='bbox 540 857 620 884; x_wconf 92' lang='lat' dir='ltr'><strong>suo</strong></span> <span class='ocrx_word' id='word_1_68' title='bbox 654 843 908 897; x_wconf 77' lang='lat' dir='ltr'><strong>Maecenate,</strong></span> <span class='ocrx_word' id='word_1_69' title='bbox 939 858 1039 885; x_wconf 90' lang='lat' dir='ltr'><strong>cum</strong></span> <span class='ocrx_word' id='word_1_70' title='bbox 1075 843 1277 900; x_wconf 85' lang='lat' dir='ltr'><strong>Augusto</strong></span> 
     </span>
     <span class='ocr_line' id='line_1_12' title="bbox 54 907 1278 969; baseline -0.002 -17"><span class='ocrx_word' id='word_1_71' title='bbox 54 910 149 969; x_wconf 89' lang='lat' dir='ltr'><strong>ipso</strong></span> <span class='ocrx_word' id='word_1_72' title='bbox 164 943 176 965; x_wconf 88' lang='lat'>‚</span> <span class='ocrx_word' id='word_1_73' title='bbox 194 909 392 951; x_wconf 79' lang='lat' dir='ltr'>familiari</span> <span class='ocrx_word' id='word_1_74' title='bbox 410 907 607 951; x_wconf 58' lang='lat' dir='ltr'><strong>decentia</strong></span> <span class='ocrx_word' id='word_1_75' title='bbox 623 922 974 964; x_wconf 82' lang='lat' dir='ltr'><strong>conversantem3</strong></span> <span class='ocrx_word' id='word_1_76' title='bbox 995 909 1162 963; x_wconf 88' lang='lat' dir='ltr'><strong>amicis,</strong></span> <span class='ocrx_word' id='word_1_77' title='bbox 1178 923 1278 967; x_wconf 85' lang='lat' dir='ltr'><strong>gra-</strong></span> 
     </span>
     <span class='ocr_line' id='line_1_13' title="bbox 53 975 1279 1035; baseline -0.002 -17"><span class='ocrx_word' id='word_1_78' title='bbox 53 977 113 1019; x_wconf 61' lang='lat' dir='ltr'><strong>tia</strong></span> <span class='ocrx_word' id='word_1_79' title='bbox 138 978 223 1035; x_wconf 56' lang='lat' dir='ltr'><strong>quii</strong></span> <span class='ocrx_word' id='word_1_80' title='bbox 251 976 343 1034; x_wconf 90' lang='lat' dir='ltr'><strong>ipse</strong></span> <span class='ocrx_word' id='word_1_81' title='bbox 371 975 599 1019; x_wconf 84' lang='lat' dir='ltr'><strong>fruebatur</strong></span> <span class='ocrx_word' id='word_1_82' title='bbox 614 1010 625 1031; x_wconf 87' lang='lat'>,</span> <span class='ocrx_word' id='word_1_83' title='bbox 649 976 912 1020; x_wconf 77' lang='lat' dir='ltr'><strong>vividissime</strong></span> <span class='ocrx_word' id='word_1_84' title='bbox 946 975 1279 1028; x_wconf 82' lang='lat' dir='ltr'><strong>inservientem3</strong></span> 
     </span>
     <span class='ocr_line' id='line_1_14' title="bbox 45 1042 1281 1102; baseline -0.002 -17"><span class='ocrx_word' id='word_1_85' title='bbox 45 1044 160 1085; x_wconf 79' lang='lat' dir='ltr'><strong>&#39;artis</strong></span> <span class='ocrx_word' id='word_1_86' title='bbox 179 1059 267 1085; x_wconf 82' lang='lat' dir='ltr'><strong>suae</strong></span> <span class='ocrx_word' id='word_1_87' title='bbox 291 1043 569 1102; x_wconf 87' lang='lat' dir='ltr'><strong>magnificum</strong></span> <span class='ocrx_word' id='word_1_88' title='bbox 592 1044 1008 1099; x_wconf 87' lang='lat' dir='ltr'><strong>commendatorem,</strong></span> <span class='ocrx_word' id='word_1_89' title='bbox 1022 1044 1196 1086; x_wconf 71' lang='lat' dir='ltr'><strong>necnon</strong></span> <span class='ocrx_word' id='word_1_90' title='bbox 1215 1042 1281 1095; x_wconf 86' lang='lat' dir='ltr'><strong>ju-</strong></span> 
     </span>
     <span class='ocr_line' id='line_1_15' title="bbox 54 1110 1279 1170; baseline -0.002 -17"><span class='ocrx_word' id='word_1_91' title='bbox 54 1111 195 1154; x_wconf 87' lang='lat' dir='ltr'><strong>dicem</strong></span> <span class='ocrx_word' id='word_1_92' title='bbox 230 1121 305 1153; x_wconf 84' lang='lat' dir='ltr'><strong>aut</strong></span> <span class='ocrx_word' id='word_1_93' title='bbox 337 1110 484 1169; x_wconf 76' lang='lat' dir='ltr'><strong>potius</strong></span> <span class='ocrx_word' id='word_1_94' title='bbox 519 1111 807 1170; x_wconf 83' lang='lat' dir='ltr'><strong>legislatorem</strong></span> <span class='ocrx_word' id='word_1_95' title='bbox 835 1111 1197 1164; x_wconf 84' lang='lat' dir='ltr'><strong>oculatissimum,</strong></span> <span class='ocrx_word' id='word_1_96' title='bbox 1226 1119 1279 1151; x_wconf 89' lang='lat' dir='ltr'><strong>ut</strong></span> 
     </span>
     <span class='ocr_line' id='line_1_16' title="bbox 56 1178 1277 1238; baseline -0.002 -17"><span class='ocrx_word' id='word_1_97' title='bbox 56 1180 200 1238; x_wconf 86' lang='lat' dir='ltr'><strong>legere</strong></span> <span class='ocrx_word' id='word_1_98' title='bbox 218 1189 284 1220; x_wconf 90' lang='lat' dir='ltr'><strong>est</strong></span> <span class='ocrx_word' id='word_1_99' title='bbox 304 1178 348 1219; x_wconf 88' lang='lat' dir='ltr'><strong>in</strong></span> <span class='ocrx_word' id='word_1_100' title='bbox 365 1179 495 1220; x_wconf 66' lang='lat' dir='ltr'><strong>aurezi</strong></span> <span class='ocrx_word' id='word_1_101' title='bbox 511 1178 582 1220; x_wconf 63' lang='lat' dir='ltr'><strong>ills</strong></span> <span class='ocrx_word' id='word_1_102' title='bbox 605 1178 662 1220; x_wconf 84' lang='lat' dir='ltr'><strong>ad</strong></span> <span class='ocrx_word' id='word_1_103' title='bbox 681 1182 940 1238; x_wconf 84' lang='lat' dir='ltr'><strong>Augustum</strong></span> <span class='ocrx_word' id='word_1_104' title='bbox 955 1178 1136 1238; x_wconf 54' lang='lat' dir='ltr'><strong>epistolii</strong></span> <span class='ocrx_word' id='word_1_105' title='bbox 1149 1210 1160 1232; x_wconf 90' lang='lat'>,</span> <span class='ocrx_word' id='word_1_106' title='bbox 1182 1192 1277 1234; x_wconf 87' lang='lat' dir='ltr'><strong>quae</strong></span> 
     </span>
     <span class='ocr_line' id='line_1_17' title="bbox 54 1245 1274 1306; baseline -0.002 -17"><span class='ocrx_word' id='word_1_107' title='bbox 54 1248 191 1306; x_wconf 83' lang='lat' dir='ltr'><strong>prima</strong></span> <span class='ocrx_word' id='word_1_108' title='bbox 217 1245 398 1289; x_wconf 80' lang='lat' dir='ltr'><strong>secundi</strong></span> <span class='ocrx_word' id='word_1_109' title='bbox 424 1245 523 1288; x_wconf 90' lang='lat' dir='ltr'><strong>libri</strong></span> <span class='ocrx_word' id='word_1_110' title='bbox 550 1247 820 1302; x_wconf 87' lang='lat' dir='ltr'><strong>inscribitur,</strong></span> <span class='ocrx_word' id='word_1_111' title='bbox 853 1248 1028 1306; x_wconf 48' lang='lat' dir='ltr'><strong>queque</strong></span> <span class='ocrx_word' id='word_1_112' title='bbox 1046 1246 1165 1288; x_wconf 84' lang='lat' dir='ltr'><strong>nulla</strong></span> <span class='ocrx_word' id='word_1_113' title='bbox 1183 1245 1274 1287; x_wconf 77' lang='lat' dir='ltr'><strong>fere</strong></span> 
     </span>
     <span class='ocr_line' id='line_1_18' title="bbox 53 1312 1276 1376; baseline -0.002 -19"><span class='ocrx_word' id='word_1_114' title='bbox 53 1315 225 1374; x_wconf 82' lang='lat' dir='ltr'><strong>dignior</strong></span> <span class='ocrx_word' id='word_1_115' title='bbox 240 1314 363 1367; x_wconf 83' lang='lat' dir='ltr'><strong>cujus</strong></span> <span class='ocrx_word' id='word_1_116' title='bbox 381 1312 438 1355; x_wconf 86' lang='lat' dir='ltr'><strong>ad</strong></span> <span class='ocrx_word' id='word_1_117' title='bbox 451 1315 669 1376; x_wconf 79' lang='lat' dir='ltr'><strong>exemplar</strong></span> <span class='ocrx_word' id='word_1_118' title='bbox 691 1331 786 1357; x_wconf 89' lang='lat' dir='ltr'><strong>sese</strong></span> <span class='ocrx_word' id='word_1_119' title='bbox 801 1326 1067 1373; x_wconf 85' lang='lat' dir='ltr'><strong>componant</strong></span> <span class='ocrx_word' id='word_1_120' title='bbox 1080 1314 1276 1372; x_wconf 87' lang='lat' dir='ltr'><strong>quicum-</strong></span> 
     </span>
     <span class='ocr_line' id='line_1_19' title="bbox 53 1379 1277 1440; baseline -0.001 -18"><span class='ocrx_word' id='word_1_121' title='bbox 53 1396 139 1440; x_wconf 85' lang='lat' dir='ltr'><strong>que</strong></span> <span class='ocrx_word' id='word_1_122' title='bbox 160 1391 390 1439; x_wconf 85' lang='lat' dir='ltr'><strong>poetarum</strong></span> <span class='ocrx_word' id='word_1_123' title='bbox 415 1379 470 1422; x_wconf 85' lang='lat' dir='ltr'><strong>ad</strong></span> <span class='ocrx_word' id='word_1_124' title='bbox 498 1381 797 1439; x_wconf 86' lang='lat' dir='ltr'><strong>propinandos</strong></span> <span class='ocrx_word' id='word_1_125' title='bbox 826 1397 980 1439; x_wconf 88' lang='lat' dir='ltr'><strong>regum</strong></span> <span class='ocrx_word' id='word_1_126' title='bbox 1008 1380 1277 1440; x_wconf 89' lang='lat' dir='ltr'><strong>potentium-</strong></span> 
     </span>
     <span class='ocr_line' id='line_1_20' title="bbox 53 1447 1157 1506; baseline 0.002 -16"><span class='ocrx_word' id='word_1_127' title='bbox 53 1462 139 1506; x_wconf 85' lang='lat' dir='ltr'><strong>que</strong></span> <span class='ocrx_word' id='word_1_128' title='bbox 151 1447 346 1491; x_wconf 86' lang='lat' dir='ltr'><strong>virorum</strong></span> <span class='ocrx_word' id='word_1_129' title='bbox 363 1448 542 1490; x_wconf 88' lang='lat' dir='ltr'><strong>auribus</strong></span> <span class='ocrx_word' id='word_1_130' title='bbox 566 1464 717 1492; x_wconf 85' lang='lat' dir='ltr'><strong>versus</strong></span> <span class='ocrx_word' id='word_1_131' title='bbox 734 1465 836 1492; x_wconf 86' lang='lat' dir='ltr'><strong>suos</strong></span> <span class='ocrx_word' id='word_1_132' title='bbox 854 1449 1157 1492; x_wconf 85' lang='lat' dir='ltr'><strong>admittuntur.</strong></span> 
     </span>
    </p>

    <p class='ocr_par' dir='ltr' id='par_1_3' title="bbox 54 1513 1279 2319">
     <span class='ocr_line' id='line_1_21' title="bbox 111 1513 1277 1573; baseline 0 -15"><span class='ocrx_word' id='word_1_133' title='bbox 111 1514 182 1558; x_wconf 70' lang='lat' dir='ltr'><strong>Stc</strong></span> <span class='ocrx_word' id='word_1_134' title='bbox 198 1513 463 1573; x_wconf 78' lang='lat' dir='ltr'><strong>praeludebat</strong></span> <span class='ocrx_word' id='word_1_135' title='bbox 482 1516 688 1559; x_wconf 86' lang='lat' dir='ltr'><strong>Horatius</strong></span> <span class='ocrx_word' id='word_1_136' title='bbox 708 1517 987 1559; x_wconf 86' lang='lat' dir='ltr'><strong>celeberrimo</strong></span> <span class='ocrx_word' id='word_1_137' title='bbox 1015 1517 1076 1558; x_wconf 90' lang='lat' dir='ltr'><strong>illi</strong></span> <span class='ocrx_word' id='word_1_138' title='bbox 1107 1515 1254 1559; x_wconf 89' lang='lat' dir='ltr'><strong>libello</strong></span> <span class='ocrx_word' id='word_1_139' title='bbox 1266 1547 1277 1569; x_wconf 93' lang='lat'>,</span> 
     </span>
     <span class='ocr_line' id='line_1_22' title="bbox 55 1581 1278 1642; baseline 0.001 -18"><span class='ocrx_word' id='word_1_140' title='bbox 55 1582 130 1641; x_wconf 81' lang='lat' dir='ltr'><strong>qui</strong></span> <span class='ocrx_word' id='word_1_141' title='bbox 153 1581 462 1625; x_wconf 85' lang='lat' dir='ltr'><strong>modestiorem</strong></span> <span class='ocrx_word' id='word_1_142' title='bbox 490 1583 677 1626; x_wconf 79' lang='lat' dir='ltr'><strong>formam‘</strong></span> <span class='ocrx_word' id='word_1_143' title='bbox 704 1584 892 1642; x_wconf 72' lang='lat' dir='ltr'><strong>epistolae</strong></span> <span class='ocrx_word' id='word_1_144' title='bbox 921 1599 1120 1636; x_wconf 86' lang='lat' dir='ltr'><strong>servans,</strong></span> <span class='ocrx_word' id='word_1_145' title='bbox 1151 1594 1194 1625; x_wconf 89' lang='lat' dir='ltr'><strong>et</strong></span> <span class='ocrx_word' id='word_1_146' title='bbox 1222 1582 1278 1625; x_wconf 84' lang='lat' dir='ltr'><strong>ad</strong></span> 
     </span>
     <span class='ocr_line' id='line_1_23' title="bbox 54 1649 1276 1710; baseline 0.001 -18"><span class='ocrx_word' id='word_1_147' title='bbox 54 1649 233 1693; x_wconf 84' lang='lat' dir='ltr'><strong>Pisones</strong></span> <span class='ocrx_word' id='word_1_148' title='bbox 265 1650 478 1708; x_wconf 88' lang='lat' dir='ltr'><strong>scriptus,</strong></span> <span class='ocrx_word' id='word_1_149' title='bbox 507 1652 745 1710; x_wconf 83' lang='lat' dir='ltr'><strong>praecipuas</strong></span> <span class='ocrx_word' id='word_1_150' title='bbox 778 1654 896 1696; x_wconf 88' lang='lat' dir='ltr'><strong>Artis</strong></span> <span class='ocrx_word' id='word_1_151' title='bbox 937 1653 1121 1695; x_wconf 87' lang='lat' dir='ltr'><strong>Poeticae</strong></span> <span class='ocrx_word' id='word_1_152' title='bbox 1158 1651 1276 1710; x_wconf 84' lang='lat' dir='ltr'><strong>leges</strong></span> 
     </span>
     <span class='ocr_line' id='line_1_24' title="bbox 55 1714 1275 1779; baseline 0.002 -20"><span class='ocrx_word' id='word_1_153' title='bbox 55 1714 186 1760; x_wconf 78' lang='lat' dir='ltr'><strong>docto</strong></span> <span class='ocrx_word' id='word_1_154' title='bbox 200 1718 461 1778; x_wconf 89' lang='lat' dir='ltr'><strong>compendio</strong></span> <span class='ocrx_word' id='word_1_155' title='bbox 482 1719 669 1762; x_wconf 86' lang='lat' dir='ltr'><strong>exhibet.</strong></span> <span class='ocrx_word' id='word_1_156' title='bbox 685 1722 806 1779; x_wconf 90' lang='lat' dir='ltr'><strong>Opus</strong></span> <span class='ocrx_word' id='word_1_157' title='bbox 819 1721 927 1764; x_wconf 88' lang='lat' dir='ltr'><strong>illud</strong></span> <span class='ocrx_word' id='word_1_158' title='bbox 939 1719 1116 1779; x_wconf 86' lang='lat' dir='ltr'><strong>quidem</strong></span> <span class='ocrx_word' id='word_1_159' title='bbox 1127 1718 1275 1778; x_wconf 66' lang='lat' dir='ltr'><strong>quoiid</strong></span> 
     </span>
     <span class='ocr_line' id='line_1_25' title="bbox 55 1785 1274 1846; baseline 0.002 -20"><span class='ocrx_word' id='word_1_160' title='bbox 55 1796 266 1843; x_wconf 85' lang='lat' dir='ltr'><strong>praecepta</strong></span> <span class='ocrx_word' id='word_1_161' title='bbox 284 1785 550 1840; x_wconf 82' lang='lat' dir='ltr'><strong>absolutum,</strong></span> <span class='ocrx_word' id='word_1_162' title='bbox 569 1787 614 1828; x_wconf 88' lang='lat' dir='ltr'><strong>in</strong></span> <span class='ocrx_word' id='word_1_163' title='bbox 637 1803 727 1845; x_wconf 90' lang='lat' dir='ltr'><strong>quo</strong></span> <span class='ocrx_word' id='word_1_164' title='bbox 750 1791 894 1831; x_wconf 77' lang='lat' dir='ltr'><strong>tamen</strong></span> <span class='ocrx_word' id='word_1_165' title='bbox 929 1788 1111 1830; x_wconf 78' lang='lat' dir='ltr'><strong>fortasse</strong></span> <span class='ocrx_word' id='word_1_166' title='bbox 1141 1802 1274 1846; x_wconf 87' lang='lat' dir='ltr'><strong>gene-</strong></span> 
     </span>
     <span class='ocr_line' id='line_1_26' title="bbox 55 1849 1278 1911; baseline 0.002 -19"><span class='ocrx_word' id='word_1_167' title='bbox 55 1849 114 1892; x_wconf 79' lang='lat' dir='ltr'><strong>ris</strong></span> <span class='ocrx_word' id='word_1_168' title='bbox 130 1849 657 1911; x_wconf 75' lang='lat' dir='ltr'><strong>libertate·aliq11antisper</strong></span> <span class='ocrx_word' id='word_1_169' title='bbox 673 1853 833 1897; x_wconf 84' lang='lat' dir='ltr'><strong>abusus</strong></span> <span class='ocrx_word' id='word_1_170' title='bbox 856 1865 995 1908; x_wconf 88' lang='lat' dir='ltr'><strong>vates,</strong></span> <span class='ocrx_word' id='word_1_171' title='bbox 1021 1869 1111 1896; x_wconf 90' lang='lat' dir='ltr'><strong>non</strong></span> <span class='ocrx_word' id='word_1_172' title='bbox 1131 1853 1278 1896; x_wconf 87' lang='lat' dir='ltr'><strong>omnia</strong></span> 
     </span>
     <span class='ocr_line' id='line_1_27' title="bbox 57 1916 1279 1981; baseline 0.002 -22"><span class='ocrx_word' id='word_1_173' title='bbox 57 1916 113 1959; x_wconf 81' lang='lat' dir='ltr'><strong>ad</strong></span> <span class='ocrx_word' id='word_1_174' title='bbox 145 1918 401 1963; x_wconf 85' lang='lat' dir='ltr'><strong>didacticam</strong></span> <span class='ocrx_word' id='word_1_175' title='bbox 435 1921 703 1963; x_wconf 86' lang='lat' dir='ltr'><strong>severitatem</strong></span> <span class='ocrx_word' id='word_1_176' title='bbox 733 1921 918 1981; x_wconf 88' lang='lat' dir='ltr'><strong>redegit;</strong></span> <span class='ocrx_word' id='word_1_177' title='bbox 942 1921 1061 1964; x_wconf 79' lang='lat' dir='ltr'><strong>unde</strong></span> <span class='ocrx_word' id='word_1_178' title='bbox 1091 1920 1279 1963; x_wconf 87' lang='lat' dir='ltr'><strong>lucidior</strong></span> 
     </span>
     <span class='ocr_line' id='line_1_28' title="bbox 56 1986 1278 2046; baseline 0.003 -19"><span class='ocrx_word' id='word_1_179' title='bbox 56 2000 204 2028; x_wconf 87' lang='lat' dir='ltr'><strong>rerum</strong></span> <span class='ocrx_word' id='word_1_180' title='bbox 219 1997 263 2029; x_wconf 87' lang='lat' dir='ltr'><strong>et</strong></span> <span class='ocrx_word' id='word_1_181' title='bbox 283 1987 473 2045; x_wconf 87' lang='lat' dir='ltr'><strong>partium</strong></span> <span class='ocrx_word' id='word_1_182' title='bbox 489 1986 714 2046; x_wconf 85' lang='lat' dir='ltr'><strong>dispositio</strong></span> <span class='ocrx_word' id='word_1_183' title='bbox 731 1991 756 2030; x_wconf 73' lang='grc' dir='ltr'>ὲ</span> <span class='ocrx_word' id='word_1_184' title='bbox 774 1989 920 2031; x_wconf 89' lang='lat' dir='ltr'><strong>multis</strong></span> <span class='ocrx_word' id='word_1_185' title='bbox 940 1988 1181 2031; x_wconf 84' lang='lat' dir='ltr'><strong>desiderata</strong></span> <span class='ocrx_word' id='word_1_186' title='bbox 1200 2000 1278 2032; x_wconf 88' lang='lat' dir='ltr'><strong>est.</strong></span> 
     </span>
     <span class='ocr_line' id='line_1_29' title="bbox 58 2053 1278 2115; baseline 0.002 -19"><span class='ocrx_word' id='word_1_187' title='bbox 58 2053 285 2113; x_wconf 84' lang='lat' dir='ltr'><strong>Legendus</strong></span> <span class='ocrx_word' id='word_1_188' title='bbox 301 2055 371 2097; x_wconf 91' lang='lat' dir='ltr'><strong>ille</strong></span> <span class='ocrx_word' id='word_1_189' title='bbox 393 2056 590 2114; x_wconf 78' lang='lat' dir='ltr'><strong>quidem,</strong></span> <span class='ocrx_word' id='word_1_190' title='bbox 611 2068 654 2099; x_wconf 90' lang='lat' dir='ltr'><strong>et</strong></span> <span class='ocrx_word' id='word_1_191' title='bbox 674 2058 888 2099; x_wconf 58' lang='lat' dir='ltr'><strong>nocturn&amp;</strong></span> <span class='ocrx_word' id='word_1_192' title='bbox 905 2057 1149 2115; x_wconf 50' lang='lat' dir='ltr'><strong>diurnaque</strong></span> <span class='ocrx_word' id='word_1_193' title='bbox 1169 2072 1278 2115; x_wconf 89' lang='lat' dir='ltr'><strong>poe-</strong></span> 
     </span>
     <span class='ocr_line' id='line_1_30' title="bbox 59 2124 1277 2184; baseline 0.003 -20"><span class='ocrx_word' id='word_1_194' title='bbox 59 2132 201 2166; x_wconf 85' lang='lat' dir='ltr'><strong>tarum</strong></span> <span class='ocrx_word' id='word_1_195' title='bbox 225 2139 357 2166; x_wconf 89' lang='lat' dir='ltr'><strong>manu</strong></span> <span class='ocrx_word' id='word_1_196' title='bbox 374 2124 610 2167; x_wconf 87' lang='lat' dir='ltr'><strong>versandus</strong></span> <span class='ocrx_word' id='word_1_197' title='bbox 625 2141 636 2178; x_wconf 94' lang='lat'>;</span> <span class='ocrx_word' id='word_1_198' title='bbox 653 2140 705 2167; x_wconf 91' lang='lat' dir='ltr'><strong>eo</strong></span> <span class='ocrx_word' id='word_1_199' title='bbox 726 2128 961 2184; x_wconf 74' lang='lat' dir='ltr'><strong>praesertim</strong></span> <span class='ocrx_word' id='word_1_200' title='bbox 975 2137 1172 2183; x_wconf 82' lang='lat' dir='ltr'><strong>tempore</strong></span> <span class='ocrx_word' id='word_1_201' title='bbox 1187 2142 1277 2184; x_wconf 89' lang='lat' dir='ltr'><strong>quo</strong></span> 
     </span>
     <span class='ocr_line' id='line_1_31' title="bbox 60 2190 1279 2252; baseline 0.004 -20"><span class='ocrx_word' id='word_1_202' title='bbox 60 2190 245 2234; x_wconf 83' lang='lat' dir='ltr'><strong>salutare</strong></span> <span class='ocrx_word' id='word_1_203' title='bbox 270 2192 535 2234; x_wconf 80' lang='lat' dir='ltr'><strong>auctoritatis</strong></span> <span class='ocrx_word' id='word_1_204' title='bbox 558 2204 633 2235; x_wconf 82' lang='lat' dir='ltr'><strong>aut</strong></span> <span class='ocrx_word' id='word_1_205' title='bbox 660 2193 804 2251; x_wconf 75' lang='lat' dir='ltr'><strong>potius</strong></span> <span class='ocrx_word' id='word_1_206' title='bbox 833 2194 1012 2236; x_wconf 86' lang='lat' dir='ltr'><strong>rationis</strong></span> <span class='ocrx_word' id='word_1_207' title='bbox 1031 2195 1188 2252; x_wconf 53' lang='lat' dir='ltr'><strong>jugum</strong></span> <span class='ocrx_word' id='word_1_208' title='bbox 1213 2204 1279 2237; x_wconf 86' lang='lat' dir='ltr'><strong>tot</strong></span> 
     </span>
     <span class='ocr_line' id='line_1_32' title="bbox 62 2259 1278 2319; baseline 0.004 -20"><span class='ocrx_word' id='word_1_209' title='bbox 62 2259 292 2318; x_wconf 80' lang='lat' dir='ltr'><strong>scriptores</strong></span> <span class='ocrx_word' id='word_1_210' title='bbox 309 2271 510 2304; x_wconf 83' lang='lat' dir='ltr'><strong>excutere</strong></span> <span class='ocrx_word' id='word_1_211' title='bbox 537 2272 770 2315; x_wconf 82' lang='lat' dir='ltr'><strong>conantur,</strong></span> <span class='ocrx_word' id='word_1_212' title='bbox 796 2262 972 2319; x_wconf 56' lang='lat' dir='ltr'><strong>proprie</strong></span> <span class='ocrx_word' id='word_1_213' title='bbox 994 2272 1036 2303; x_wconf 88' lang='lat' dir='ltr'><strong>et</strong></span> <span class='ocrx_word' id='word_1_214' title='bbox 1059 2261 1278 2306; x_wconf 77' lang='lat' dir='ltr'><strong>multoties</strong></span> 
     </span>
    </p>
   </div>
  </div>
 </body>
</html>
