1456 2508
227 114 292 147 274.

617 110 658 158 Q.
682 108 867 140 HORATII
888 108 1040 142 FLACCI

327 169 422 213 Quae
441 174 593 203 manent
610 166 739 216 culpas
757 165 869 204 etium
889 166 959 204 sub
973 169 1088 206 Orco.

326 226 458 276 Impiae
480 234 506 272 ⁷,
527 225 638 276 (naim
656 226 750 275 quid
767 235 926 277 potuere
945 227 1116 280 mnjusi’)

1381 241 1412 265 30

326 287 476 337 Impiae,
501 299 658 337 sponsos
675 295 835 336 potuere
854 287 952 324 duro

560 346 722 384 Perdere
740 348 853 385 ferro.

324 408 409 443 Una
428 406 475 443 de
494 407 640 453 multis,
661 407 742 444 face
761 407 926 458 nuptiali

323 464 444 514 Digna
457 494 467 511 ,
487 465 684 515 perjurum
699 467 770 503 fuit
789 467 828 502 in
846 475 1042 516 parentem
1062 467 1078 490 3

322 524 524 573 Splendide
539 525 699 562 mendax
712 553 722 571 ,
743 533 780 562 et
799 525 838 562 in
857 539 968 564 omne
986 527 1096 577 virgo
1378 539 1407 564 35

555 585 702 623 Nobilis
723 598 846 622 aevum
865 600 873 622 ε

325 660 340 676 «
359 645 479 694 Surge
501 652 527 690 ⁹,
555 658 639 694 quae
657 645 752 682 dixit
766 645 898 694 juveni
914 645 1070 692 marito,

325 719 339 735 «
360 706 498 753 Surge,
515 717 563 740 ne
581 704 712 754 longus
731 704 799 741 tibi
812 718 984 751 somnus,
1005 705 1105 743 unde

324 779 339 796 «
359 765 445 800 Non
468 764 588 810 times,
611 764 739 810 detur3
758 777 932 802 socerum
954 773 991 803 et
1008 766 1180 804 scelestas

559 839 573 855 «
591 823 692 860 Falle
708 835 857 860 sorores
868 851 878 870 ‚
1371 839 1402 866 40

312 898 339 914 s«
354 883 466 929 Quae,
486 883 588 919 velut
606 892 725 920 nactae
743 884 881 922 vitulos
901 884 1042 931 leaenae,

215 1005 401 1044 videbatur,
425 1015 579 1038 nocentes
603 1009 693 1039 vivos
721 1020 780 1050 pu-

214 1053 288 1083 niri.
305 1070 351 1076 --
364 1052 472 1084 Etiam
500 1054 554 1084 sub
582 1055 663 1084 Orco
681 1066 692 1084 :
709 1062 782 1095 post

214 1100 314 1140 ipsam
341 1106 495 1138 mortem3
515 1099 626 1131 contr&
657 1101 781 1142 opinio-

213 1155 287 1175 nem
307 1146 559 1186 Epicureorum,
580 1147 637 1188 qui
654 1158 780 1178 omnem

211 1191 375 1222 hominem
401 1193 561 1234 exstingui
584 1192 779 1234 profiteban-

212 1244 281 1275 tur,
291 1249 395 1279 neque
409 1239 507 1269 ullam
519 1250 583 1269 esse
595 1246 667 1280 post
682 1241 778 1270 vitam

209 1283 347 1315 scelestis
368 1295 513 1326 poenam,
529 1287 640 1316 virtuti
661 1296 779 1316 merce—

211 1329 284 1360 dem
316 1331 505 1362 asserebant.
533 1331 622 1363 Nihil
651 1343 692 1362 ex
718 1331 777 1362 ista

210 1375 362 1420 damnosa
382 1376 534 1418 sapientia
559 1379 694 1409 retinuit
715 1389 777 1409 un-

210 1433 306 1463 quam
320 1425 450 1462 Noster,
478 1424 539 1453 nisi
561 1425 612 1463 jus
633 1425 726 1465 genio
750 1432 782 1455 et

210 1468 427 1510 voluptatibus
466 1469 669 1511 indulgendi3
703 1471 779 1502 alio-

210 1515 309 1555 quin,
325 1521 362 1545 ut
388 1516 454 1557 ipse
484 1516 523 1546 de
550 1527 582 1546 se
606 1516 775 1557 praedicat‚

209 1561 307 1601 Epist.
333 1560 364 1598 I,
391 1572 424 1600 1,
450 1562 515 1593 16:
541 1562 669 1593 Virtuce‘s
688 1574 778 1594 verae

209 1614 312 1637 custos
326 1606 506 1649 rigidusque
519 1609 657 1640 satelles.

257 1664 287 1691 7.
312 1653 425 1694 Impiae
440 1665 452 1684 :
470 1661 546 1685 nota
563 1657 718 1696 geminam
736 1655 776 1685 il-

207 1699 270 1729 lam
280 1700 452 1731 verborum
462 1702 698 1742 repetitionem,
711 1703 775 1732 Im-

203 1743 598 1790 piae,lmp1oe,potuefe‚
615 1750 775 1788 potuere!

253 1792 283 1823 8.
313 1792 479 1832 Persarum
517 1793 551 1823 in
581 1801 778 1834 parentem:

206 1838 280 1868 vere
298 1838 479 1880 perjurum,
502 1841 559 1880 qui
584 1841 690 1870 omnia
713 1840 775 1870 hu-

205 1884 363 1914 manitatis
391 1892 422 1915 et
448 1885 598 1926 hospitii,
625 1893 656 1916 et
681 1887 777 1926 patrii

205 1928 336 1960 affectus
346 1931 417 1967 jura
437 1932 776 1972 violaverit.-Splen-

205 1975 280 2006 ‘lide‘
298 1976 440 2006 mendax
455 1989 466 2006 :
481 1978 696 2018 pulcherrimo
715 1978 774 2008 hu-

201 2022 253 2060 jus
278 2021 389 2063 figurae
414 2033 474 2053 usu
503 2035 596 2064 quam
632 2024 772 2054 rhetores

206 2068 391 2107 Oxymoron
412 2077 546 2107 vocant,
564 2071 599 2099 in
621 2069 683 2110 quii
707 2070 772 2101 duo

203 2115 300 2144 verba
327 2116 410 2145 iuter
428 2127 460 2146 se
483 2117 690 2157 repugnantia
703 2139 711 2154 ‚
731 2117 771 2147 ad

201 2160 419 2191 inustrandam
432 2163 617 2192 sententiam
630 2163 770 2206 adunan-

202 2213 263 2238 tur.
278 2207 382 2249 Quid,
396 2209 582 2249 generaliter
594 2209 767 2251 loquendo,

833 1008 1000 1039 mendacio
1038 1007 1144 1040 minus
1175 1010 1398 1051 splendidum?

834 1066 868 1085 re
904 1054 976 1085 verzi
988 1078 997 1092 ,
1025 1055 1103 1096 qnid
1143 1057 1400 1098 Hypermnestrae

833 1100 999 1132 mendacio
1005 1101 1212 1143 splendidius,
1222 1101 1295 1134 cum
1303 1102 1400 1135 fidem

831 1147 963 1188 indigno
978 1149 1060 1188 patri
1074 1147 1178 1179 datam
1191 1149 1263 1180 ideo
1276 1149 1398 1182 tantum

831 1193 936 1230 fallat,
956 1200 994 1223 ut
1014 1205 1082 1224 eam
1104 1205 1196 1236 quam
1217 1197 1330 1239 marito
1353 1207 1399 1227 sa*—

830 1247 988 1278 oraverat,
998 1246 1151 1271 tueretur.
1166 1242 1217 1273 Sic
1232 1241 1317 1283 apud
1330 1243 1397 1275 Cic.

829 1287 891 1316 Pro
905 1287 978 1317 Mil.
1002 1288 1129 1319 XXVII
1139 1309 1148 1324 ‚
1165 1297 1228 1326 72:
1251 1288 1396 1319 Glorios&

830 1331 960 1363 mentiri
974 1332 1101 1369 liceret,-
1116 1333 1161 1363 sic
1185 1333 1270 1376 apud
1285 1336 1394 1366 Senec.

829 1379 927 1419 Epist.
945 1378 989 1419 95
1006 1388 1014 1410 :
1031 1378 1119 1420 Quid
1130 1379 1215 1411 bella
1227 1387 1260 1411 et
1274 1380 1396 1412 occisa-

827 1435 894 1454 rum
917 1425 1060 1467 gentium
1074 1425 1247 1466 gloriosum
1267 1427 1367 1458 scelus
1377 1432 1394 1458 .³

829 1472 881 1501 Sic
891 1493 899 1509 ‚
911 1471 995 1511 apud
1004 1473 1156 1512 Torquet.
1171 1474 1258 1504 Tass.
1268 1474 1393 1515 Hyeto-

829 1516 887 1548 sol.
906 1517 999 1548 liber.
1012 1524 1095 1548 cant.
1111 1519 1143 1548 11
1158 1527 1167 1550 :
1180 1519 1396 1561 Magnanima

829 1573 1010 1605 menzogna
1019 1586 1028 1600 ,
1051 1575 1089 1593 or
1101 1565 1232 1604 quando
1247 1565 1264 1596 ὲ
1277 1565 1303 1597 il
1315 1567 1396 1597 verb

831 1609 866 1639 Si
888 1609 986 1646 bello,
1009 1609 1066 1640 che
1086 1610 1116 1639 .ςὶ
1121 1621 1219 1651 possa
1235 1621 1257 1642 a
1279 1620 1310 1643 te
1322 1623 1394 1653 pre-

822 1666 920 1695 port-e
930 1660 947 1685 ,ι’

875 1712 906 1742 9.
926 1703 1048 1743 Surge:
1067 1702 1168 1742 prima
1191 1713 1256 1733 vox
1282 1705 1317 1735 in
1344 1705 1393 1735 in-

828 1753 959 1778 stantem
979 1749 1135 1778 monitum
1159 1759 1345 1791 erumpens,
1363 1758 1395 1781 et

828 1804 868 1823 ne
886 1794 967 1824 forte
984 1805 1050 1824 non
1063 1794 1170 1825 audita
1184 1794 1296 1834 fuerit,
1309 1807 1396 1838 repe·

829 1840 867 1869 tit
895 1840 983 1870 illico
1005 1851 1016 1870 :
1046 1851 1149 1882 surge.
1178 1842 1256 1872 Fere
1282 1842 1393 1874 eodem

828 1887 979 1916 orationis
1004 1887 1137 1926 poeticae
1165 1894 1271 1927 motu,
1295 1889 1391 1920 Ovid.

827 1932 957 1963 Heroid.
972 1934 1069 1970 XIV,
1088 1934 1127 1972 73
1147 1942 1156 1963 ε
1173 1935 1289 1976 Surge,
1308 1945 1390 1977 age,
1443 1940 1447 1947 “

827 1977 957 2015 Belide,
986 1978 1026 2008 de
1053 1986 1101 2008 coe
1127 1979 1222 2010 modo
1232 1979 1392 2022 fratribus

826 2034 927 2061 unus;
947 2026 1025 2054 Nox
1052 2024 1126 2061 cibi,
1157 2025 1194 2055 ni
1209 2036 1386 2067 properas,

825 2068 886 2100 isca
910 2070 1061 2111 perennis
1092 2071 1161 2103 erit.
1188 2089 1235 2096 -——
1263 2074 1390 2116 Longus

824 2127 952 2147 somnus
973 2128 985 2147 .·
1011 2127 1108 2149 mors.
1132 2135 1180 2142 —-
1209 2118 1300 2149 Unde
1315 2129 1327 2148 :
1349 2129 1389 2149 ex

821 2163 859 2193 iis
878 2165 1040 2203 personis,
1065 2164 1182 2206 quibus
1209 2163 1389 2196 nullatenus

821 2208 950 2241 diffidis.
