1456 2508
149 119 170 151 6
534 120 575 161 Q.
600 117 784 151 nomm
808 116 960 149 rLAcct

148 178 391 229 tetrasyllabo
421 178 506 217 duae
537 178 690 228 syllabae
722 177 878 223 desunt,
911 186 1046 213 versus
1080 173 1208 213 existit
1239 161 1344 210 eata-

151 240 292 286 lectus,
328 247 393 277 aut
419 239 459 276 in
486 238 669 289 syllabam
697 246 763 276 aut
789 237 829 275 in
855 234 1084 286 disyllabum
1109 234 1238 286 (num.
1266 246 1297 283 7⁷
1307 239 1346 269 et

161 299 243 350 14).

206 382 348 417 Versus
381 380 734 427 brachycatalectus
771 384 828 414 est
860 375 922 413 cui
958 389 1025 426 pes
1060 374 1206 426 integer
1242 373 1348 410 deest

157 439 280 491 (num.
305 438 357 490 1);
383 452 461 476 non
478 438 551 475 nisi
578 436 731 475 iambici
760 445 797 474 et
824 435 1011 474 trochaici
1028 447 1163 473 versus
1176 431 1346 482 brachy-

160 499 331 537 catalecti
351 507 451 536 sunt.

210 580 352 615 Versus
372 579 604 614 acatalectus
623 585 678 615 est
694 575 734 613 in
752 575 859 626 cujus
879 575 1013 612 ultimo
1037 581 1160 611 metro
1182 571 1278 609 nihil
1301 570 1350 607 ad

160 637 416 688 integritatem
435 636 559 684 deest,
582 649 707 686 neque
732 634 941 685 quidquam
960 632 1130 671 abundat
1148 630 1273 683 (num.
1292 628 1351 680 4).

211 723 354 758 Versus
381 718 732 768 Ιζνγενεαταῖεεῐιιε,
761 717 800 755 in
827 729 904 768 quo
933 729 1009 754 una
1039 716 1079 753 in
1109 715 1183 753 fine
1209 711 1352 764 syllaba

163 780 333 819 abundat
352 778 479 830 (num.
500 777 559 830 6).

214 861 331 898 Basis
349 868 405 898 est
426 872 492 911 pes
512 858 674 897 duarum
693 868 757 895 aut
776 858 892 895 trium
909 855 1139 906 syllabarum
1166 858 1189 892 a
1215 854 1355 905 quibus

163 935 296 960 versus
314 920 469 971 quidam
484 919 701 966 exorditur,
720 920 921 968 antequam
940 916 1054 956 series
1071 916 1212 967 pedum
1229 914 1354 953 versui

168 983 225 1020 illi
243 980 491 1032 propriorum
508 978 665 1030 incipiat
686 978 814 1029 (num.
835 975 980 1028 6”-‘9)·

218 1067 370 1106 Horatii
388 1067 472 1104 odae
491 1079 561 1117 per
588 1078 719 1103 versus
745 1065 806 1102 vel
833 1064 1001 1116 ejusdem
1028 1065 1167 1114 usque,
1194 1063 1256 1101 vel
1283 1062 1358 1102 du-

166 1129 275 1181 plicis
301 1127 363 1165 vel
392 1126 551 1178 triplicis
581 1125 728 1176 generis
757 1125 976 1162 decurrunt.
1005 1128 1101 1163 Sunt
1126 1124 1242 1175 igitur
1269 1129 1359 1165 ποιῆ·

169 1204 257 1240 ματα
275 1187 338 1225 Vel
356 1190 523 1237 μονόκωλοι
538 1186 598 1223 vel
615 1188 738 1222 δίκωλοι
751 1186 812 1223 vel
827 1188 976 1235 τρίκωλα.
996 1187 1136 1222 Versus
1155 1192 1281 1222 autem
1302 1183 1361 1220 di-

167 1246 269 1285 versi
287 1243 453 1297 generis,
473 1257 522 1281 ex
541 1252 646 1282 certo
664 1242 799 1281 ordine
829 1256 978 1294 semper
1001 1243 1222 1288 redeuntes,
1239 1249 1360 1291 syste-

168 1312 277 1343 mata
293 1303 386 1356 (nos
404 1318 414 1340 ι
434 1303 626 1354 Strophen
645 1315 674 1340 s.
700 1302 885 1354 Stanzen)
904 1302 1072 1340 efficiunt
1090 1301 1164 1340 sibi
1179 1302 1220 1339 in
1236 1302 1358 1340 vicem

170 1365 298 1416 quoad
325 1362 548 1414 rhythmum
574 1362 722 1401 similia.
741 1362 887 1409 Quodsi
914 1370 1001 1414 post
1028 1361 1163 1400 seriem
1182 1361 1362 1399 hinorum

170 1436 350 1463 versuum
373 1422 541 1474 primum
569 1435 686 1474 genus
715 1422 833 1469 redit,
860 1431 1022 1472 systema
1049 1430 1105 1460 est
1132 1425 1298 1472 δίςροφονς
1313 1435 1361 1459 ex

171 1496 250 1535 quo
268 1483 361 1536 quid
379 1483 428 1522 sit
444 1487 626 1534 τρὶςροφον,
651 1486 857 1532 μονόςροφον,
881 1486 1091 1533 τετράςροφον
1116 1482 1223 1520 facile
1242 1490 1357 1532 patet.

301 1742 363 1794 A.
392 1740 657 1794 Vei-suum
685 1740 1007 1812 singulorum
1028 1759 1230 1813 genera.

540 1911 580 1942 a.
609 1899 775 1941 Versus
795 1893 992 1942 iambici.

180 2038 211 2063 1.
228 2025 370 2063 Versus
386 2022 652 2075 Ityphallicus‚
669 2023 735 2074 qui
752 2031 808 2062 est
826 2023 985 2062 dimeter
999 2022 1366 2074 brachycatalectus„

827 2125 846 2142 0

509 2148 578 2169 0-
641 2149 709 2171 0-
777 2150 847 2171 0-

301 2213 356 2252 Cf.
377 2227 478 2252 num.
502 2228 563 2266 19.
