1456 2508
267 14 350 46 s„
356 0 497 42 ’ἔξω

479 153 570 190 Lm}
583 156 618 188 11
641 155 730 188 onn
751 147 882 188 11an
1229 163 1298 195 209

112 216 116 219 ’
172 217 255 256 Nec
274 215 486 254 Laconicas
504 214 600 254 mihi

257 321 262 325 ,
278 277 456 321 Trahunt
474 277 646 316 honestae
662 273 860 329 purpuras
878 274 1041 313 clientae.

171 341 224 378 At
241 339 337 378 fides
357 348 397 379 et
408 338 540 391 ingeni

276 393 447 452 Benigne
465 414 564 439 vena
583 409 641 439 est
658 400 686 448 ³,
700 411 994 451 pauperemque
1011 398 1120 438 dives
1264 420 1294 435 ,α

172 463 238 500 Me
256 461 365 513 petit.
384 462 491 501 Nihil
508 462 627 513 supra

276 526 380 562 Deos
394 525 540 563 lacesso
551 554 562 572 ,
582 537 655 562 nec
675 531 875 575 potentem
892 523 1057 561 amicum

170 585 357 637 Largiora
372 586 521 637 flagito,

277 645 376 686 Satis
396 647 534 685 beatus
550 645 677 684 unicis
697 645 862 685 Sabinis.

170 707 360 746 Truditur
376 708 458 747 dies
478 708 542 746 die
560 709 589 754 4,

278 772 476 821 Novaeque
495 778 662 822 pergunt
683 769 841 808 interire
858 769 985 816 lunae3

168 832 230 868 Tu
246 829 262 854 ⁵
278 831 441 870 secanda
457 843 651 870 marmora

65 979 235 1011 moriendo
253 979 416 1011 haeredem
441 991 538 1010 suum
555 981 647 1012 insti-

63 1027 128 1058 tnit
137 1050 146 1066 ‚
167 1034 223 1061 aut
248 1026 289 1058 ad
315 1028 555 1066 Aristonicum,
579 1029 645 1059 Eu-

64 1075 167 1105 menis
191 1074 209 1105 e
231 1074 346 1116 pellice
374 1073 478 1105 filium
487 1097 495 1112 ‚
517 1075 575 1116 qui
598 1085 646 1106 re-

64 1120 140 1152 vera
151 1145 160 1160 ‚
177 1121 254 1153 licet
264 1121 367 1153 haeres
386 1122 426 1152 ab
448 1122 560 1154 Attalo
576 1122 645 1152 djc-

65 1175 117 1199 tus
131 1174 203 1200 mm
217 1169 330 1200 suisset
340 1192 349 1208 ‚
361 1170 430 1209 ejus
452 1170 572 1212 regiam
587 1169 645 1199 ali-

64 1214 211 1258 quandiu
241 1217 415 1259 occupavit
425 1240 434 1255 ‚
463 1223 495 1247 et
523 1215 542 1247 a
572 1219 645 1248 Per-

62 1262 190 1304 penna,
209 1264 342 1302 consule
365 1266 514 1296 Romano
526 1286 535 1303 ,
556 1274 643 1295 anno

65 1311 108 1342 U.
122 1310 160 1343 C.
173 1310 262 1351 664,
274 1310 463 1354 profligatus
477 1318 536 1344 est.
546 1313 643 1342 Atta-

62 1355 129 1388 lum
137 1380 149 1395 ,
177 1368 240 1401 pro
250 1381 259 1397 ,
283 1359 461 1400 quemlibet
488 1358 643 1398 divitem3

61 1404 204 1447 regiam,
227 1417 289 1449 pro
300 1429 309 1445 ,
326 1407 514 1448 opulentam
529 1417 640 1448 quam-

60 1450 142 1483 libet
151 1452 300 1491 domum;
310 1453 439 1496 ignotus
447 1453 558 1491 hoeres,
570 1465 642 1496 pro,

61 1499 199 1541 quilibet
206 1500 429 1532 haereditatum
439 1503 643 1543 captator‚in-

60 1545 176 1590 tdlige.
190 1549 372 1580 Transierat
382 1548 597 1580 verisimiliter
606 1550 642 1580 in

59 1595 270 1634 proverbium
284 1603 316 1626 et
333 1596 435 1627 Attali
452 1596 637 1637 opulentia,

62 1646 96 1671 ot
105 1642 174 1682 ejus
182 1643 311 1685 imperii
323 1654 381 1686 per
391 1654 468 1686 pop.
477 1645 573 1675 Rom.
584 1654 637 1675 oc-

61 1690 210 1732 cupatio,
226 1697 266 1720 nt
282 1701 314 1722 v.
333 1702 364 1733 g.
376 1713 385 1728 ‚
402 1690 490 1732 apud
507 1701 586 1730 nos,
607 1691 638 1722 le

53 1743 198 1780 portage
228 1736 270 1768 de
292 1738 564 1779 Montgommery.
588 1756 636 1763 -—-

30 1811 45 1818 s
59 1783 131 1815 Nec
144 1783 326 1814 Laconicas
335 1783 416 1829 ιηίΙξιι
427 1783 574 1815 Trahunt
583 1784 637 1815 ho·

59 1837 323 1872 nestaepurpuras
332 1830 462 1862 clientae
469 1842 480 1862 :
487 1842 546 1862 nec
556 1832 637 1863 mihi

58 1884 138 1909 nent
153 1877 260 1909 lanam
276 1888 472 1920 purpuream
486 1879 637 1920 ingenuae

58 1924 226 1956 clientium
234 1935 380 1956 meorum
389 1932 444 1956 ant
454 1936 574 1957 uxores
582 1934 638 1958 aut

57 1969 134 2003 filie
148 1981 158 2004 ε
170 1971 350 2004 lanificium
376 1973 507 2015 proprie
533 1984 635 2005 serva·

57 2028 132 2053 nun
141 2029 226 2061 opus
240 2027 318 2051 erat.
325 2020 433 2062 Auget
447 2020 632 2062 superbiam

57 2067 188 2107 patroni
198 2088 207 2106 ,
218 2068 278 2109 qni
296 2067 443 2098 servilem
465 2076 596 2109 operam
611 2068 629 2100 ὲ

57 2114 212 2145 matronis
226 2114 290 2146 sibi
299 2115 443 2156 praestari
451 2126 518 2146 non
526 2114 631 2147 solum

54 2161 223 2201 permittit,
231 2162 288 2193 sed
298 2161 392 2194 etiam
400 2163 550 2204 postulat.
559 2164 633 2194 Mu-

57 2217 116 2239 rex
131 2209 254 2247 autem,
270 2210 365 2252 piscis
386 2210 405 2241 ὲ
428 2211 519 2250 cujus
532 2221 631 2242 succo

0 2265 2 2286 1
53 2263 216 2298 purpura,
231 2257 316 2288 eirca
335 2258 523 2296 Taenarnm,
537 2260 632 2290 Laco-

53 2301 116 2337 ἡ
127 2306 390 2346 promontorium
401 2328 410 2345 ‚
427 2305 586 2348 frequens.

749 980 780 1011 3.
798 979 939 1024 Atfides
957 987 990 1011 et
1020 979 1142 1023 ingen?
1160 982 1283 1026 Benig-

699 1037 744 1057 ηα
762 1038 854 1058 vena
873 1034 921 1058 est
934 1038 946 1057 :
965 1027 1009 1058 ob
1029 1029 1103 1059 vitae
1120 1039 1187 1060 suae
1200 1031 1284 1061 inte-

699 1075 847 1116 gritatem
868 1082 901 1105 et
926 1076 1090 1117 poeticum
1115 1077 1284 1119 ingenium

699 1122 785 1153 recte
808 1122 967 1163 gloriatur
992 1129 1095 1162 vates,
1121 1125 1179 1165 qui
1198 1124 1282 1164 jam,

699 1168 814 1210 supra,
831 1169 894 1200 Od.
912 1171 942 1207 Ι,
961 1180 1016 1208 2⁴2,
1028 1181 1057 1208 1,
1073 1181 1107 1201 se
1121 1170 1283 1214 integrum

697 1215 779 1247 vita·
789 1239 798 1253 ‚
812 1216 1003 1258 scelerisque
1017 1228 1134 1258 purum
1150 1220 1280 1252 cecinit.

696 1280 744 1287 -—
755 1263 860 1305 δαρτὰ
870 1275 882 1294 .·
897 1264 1039 1296 alterius.
1053 1268 1281 1298 —Poteneem

697 1310 839 1342 amicum
857 1322 869 1342 .·
886 1313 1108 1345 Maecenatem.
1124 1330 1172 1337 -
1187 1314 1279 1345 Sabi-

698 1358 748 1389 nis
772 1369 784 1388 .·
813 1366 904 1390 notat
932 1359 1079 1391 villulam
1113 1371 1225 1400 suam,
1244 1364 1279 1394 in

697 1406 818 1437 Sabino
833 1418 908 1449 agro
926 1408 1018 1438 sitam
1030 1431 1039 1446 ,
1058 1419 1154 1450 quam
1168 1408 1185 1439 εὶ
1200 1411 1279 1441 Mae·

697 1454 817 1485 cenatis
833 1454 1024 1485 liberalitate
1042 1463 1218 1498 acceperat.

743 1507 774 1538 4.
793 1502 945 1532 Truditur
959 1501 1027 1533 dies
1040 1502 1094 1534 die
1112 1515 1124 1534 :
1139 1505 1186 1535 sie
1201 1514 1278 1536 cum

695 1549 956 1589 praecedentibus
988 1557 1146 1582 connecte
1173 1561 1182 1582 ε
1218 1562 1278 1584 cnr

693 1595 916 1628 mediocritate
954 1596 1021 1627 mea
1036 1620 1044 1635 ‚
1078 1607 1138 1628 cur
1175 1599 1278 1641 agello

694 1654 765 1674 meo
781 1644 901 1675 Sabino
916 1651 1089 1675 contentus
1104 1646 1277 1678 summm·

693 1691 830 1722 aliorum
851 1691 1017 1723 luxuriem
1032 1702 1101 1723 non
1120 1693 1275 1734 aemulor,

690 1737 745 1768 sed
766 1738 783 1768 ὲ
797 1738 911 1769 contra
925 1738 1104 1782 indignor?
1120 1739 1204 1782 Quia
1215 1743 1274 1773 sci·

690 1784 853 1827 licet,per
871 1786 957 1816 varia
971 1797 1043 1827 quae
1068 1787 1173 1818 oeulis
1195 1791 1274 1820 meis

690 1832 836 1874 quotidie
878 1832 1097 1872 subjiciuntur
1134 1835 1274 1876 phoeno-

690 1891 782 1910 mena
795 1903 803 1919 ‚
833 1880 874 1911 de
904 1880 1073 1922 rapiditate
1120 1886 1274 1925 temporis

689 1927 877 1958 admoneor.
896 1929 964 1958 Vix
997 1939 1063 1958 una
1094 1928 1163 1960 dies
1190 1932 1271 1963 mihi

688 1974 816 2014 illuxit,
827 1973 893 2014 jam
908 1975 1004 2005 altera
1026 1986 1095 2006 eam
1123 1981 1270 2020 excepit3

689 2032 812 2053 menses
827 2023 993 2053 mensibus
1006 2023 1185 2055 succedunt
1195 2048 1204 2064 ,
1219 2036 1272 2058 an-

686 2070 722 2100 ni
747 2071 856 2106 annis,
877 2076 909 2100 et
932 2070 1065 2111 quidem
1090 2071 1268 2106 celerrime.

686 2117 754 2148 Cur
777 2118 898 2156 majora
921 2117 960 2148 ad
983 2128 1079 2148 usum
1101 2119 1176 2150 vitae
1204 2120 1268 2151 tiam

684 2163 794 2195 brevis
810 2166 1019 2206 exoptarem?

735 2212 766 2243 5.
789 2213 836 2243 Tu
852 2222 863 2242 :
885 2222 1018 2243 avarum
1035 2213 1215 2254 quemlibet
1234 2208 1268 2247 et
1295 2224 1298 2227 ’

685 2257 820 2290 divitem
844 2258 1031 2301 alloquitur.
1051 2277 1099 2285 —-
1115 2262 1267 2294 Secunda

687 2306 853 2338 marmora
892 2308 982 2339 locas
1009 2318 1021 2338 :
1050 2311 1263 2342 mercenarios

1035 2359 1102 2398 18*
