1456 2508
517 83 599 114 Lus.
626 83 659 113 11
683 81 773 114 ODE
795 70 858 113 11.

1229 82 1292 113 181

225 144 352 182 Canos
375 141 529 180 odorati
549 140 728 192 capillos,
1262 150 1294 175 15

280 205 385 241 Dum
403 203 511 251 licet,
531 202 767 254 Assyriaque
784 201 909 240 nardo

174 265 358 302 Potamus
374 265 505 302 uncti?
519 264 690 315 Dissipat
710 263 830 301 Evius

173 327 296 364 Curas
316 325 464 364 edaces.
489 325 585 373 Quis
605 338 704 377 puer
722 325 831 362 ocius

226 387 453 438 Restinguet
472 386 640 424 ardentis
659 385 813 424 Falerni

277 449 438 497 Pocula,
459 456 717 500 praetereunte
734 445 918 497 lymphzi?
1257 466 1289 482 ιο

173 510 290 559 Quis,
311 510 466 549 devium
489 520 658 554 scortum
675 508 703 558 5,
724 509 850 547 eliciet
870 508 986 546 domo

173 571 332 623 Lyden?
352 571 528 621 Ebur-nei,
548 572 610 610 dic
630 584 718 623 age,
737 583 825 609 cum
843 570 927 621 lyra

63 712 162 746 nobis
192 713 348 747 obtulerit
376 721 448 756 apta
467 714 648 756 potationi,

66 769 122 793 aut
159 761 329 804 platanus,
356 769 412 794 aut
450 762 564 804 pinus,
593 768 649 792 aut

64 808 124 840 alia
144 818 358 851 qnaecumque
377 807 483 839 arbos.
506 809 649 850 Iqune

65 855 303 888 ministrantem
322 856 501 898 platanum
527 863 648 896 potan-

64 903 148 936 tibus
171 903 319 941 umbras,
338 904 430 945 Vix-g.
451 903 570 944 Georg.
588 905 647 941 IV,

69 951 147 989 146.
158 969 208 976 --
223 951 332 983 canos
345 950 474 981 odorati
488 950 626 991 capillos
639 962 651 982 .·

65 998 275 1031 hellenismus
293 1008 302 1030 :
320 997 476 1029 habentes
493 998 646 1029 odoratos

66 1045 139 1078 rosa
160 1045 295 1088 capillos
315 1044 382 1085 jam
405 1056 572 1076 canescere
594 1047 645 1076 in-

66 1094 244 1136 cipientes,
273 1100 305 1124 et
331 1092 405 1124 ideo
429 1093 588 1124 admoniti
610 1100 648 1123 ut

66 1141 210 1184 fugiente
226 1147 318 1172 aetate
333 1147 474 1172 utamur.
489 1159 536 1164 -—
549 1142 646 1181 Assy-

64 1186 179 1230 ridque
193 1188 298 1219 nardo
306 1199 318 1218 .-
330 1194 378 1218 est
390 1188 512 1218 nardus
520 1212 528 1227 ‚
538 1188 647 1230 planta

65 1235 176 1267 odoris
190 1236 390 1274 suavissimi,
405 1246 446 1266 ex
459 1235 523 1277 quai
537 1236 646 1266 oleum

63 1284 132 1315 sive
143 1289 350 1325 unguentum
363 1282 545 1315 Nat-diuum
559 1284 646 1313 elici-

64 1337 130 1362 tur.
144 1347 192 1355 —-
209 1329 308 1361 Euius
332 1341 344 1361 .-
378 1330 534 1363 Bacchus.
562 1330 646 1362 Vide

64 1376 184 1420 supra,
207 1377 270 1410 Od.
296 1379 328 1415 1,
355 1377 392 1407 18
407 1401 416 1416 ‚
445 1389 477 1418 9.
494 1395 541 1401 ——
560 1380 645 1409 Proe-

63 1431 206 1456 teneunee
233 1421 368 1466 Iymphd
383 1435 394 1455 .-
413 1425 560 1456 solebant
584 1427 647 1457 Ro-

64 1472 169 1510 mani,
188 1471 242 1503 vel
255 1473 332 1502 nive
342 1494 352 1510 ‚
367 1471 420 1502 vel
436 1473 536 1514 glacie
547 1496 556 1510 ‚
577 1473 646 1503 vini

63 1517 204 1551 nimium
232 1518 470 1550 effervescentis
496 1519 643 1551 ardorem

63 1566 260 1609 restinguere
270 1577 280 1605 ς
293 1565 382 1608 quod
395 1567 423 1597 si
434 1573 550 1598 neutra
562 1574 644 1598 esset

63 1613 99 1644 in
114 1620 284 1655 promptu,
302 1614 417 1644 rivulis
428 1637 437 1652 ‚
452 1620 508 1644 aut
522 1616 612 1656 aquis
626 1615 643 1646 ὲ

62 1659 230 1702 profundo
257 1667 358 1702 puteo
387 1660 510 1691 haustis
520 1684 529 1700 ‚
560 1662 644 1693 illud

61 1706 314 1750 immergebant,
338 1707 443 1738 donec
459 1709 644 1751 refrigesce-

62 1761 123 1786 ret.
139 1756 246 1796 Quem
267 1765 392 1786 morem
407 1765 468 1786 nos
489 1757 644 1788 recentio-

61 1811 132 1841 res,
155 1801 332 1844 prasertim
355 1801 491 1834 durante
516 1811 639 1844 aestate,

61 1848 263 1882 aemulamur.

110 1896 143 1928 5.
162 1895 299 1928 Devium
314 1904 450 1928 scor-tum
466 1907 480 1929 :
495 1898 638 1930 meretri-

61 1953 153 1982 cem,
166 1953 239 1985 quae
260 1954 329 1975 non
353 1945 390 1975 in
410 1945 482 1975 latis
500 1946 639 1977 civitatis

61 1991 122 2022 viis
138 1990 286 2022 habitare
303 1990 399 2022 audet
409 2015 418 2030 ,
433 1991 490 2023 sed
509 1994 544 2023 in
567 1994 639 2024 obs-

61 2047 143 2070 curo
160 2038 308 2080 quolibet
330 2049 458 2070 recessu
484 2040 537 2071 vel
551 2042 639 2083 angi-

58 2092 177 2127 portu,
204 2086 280 2117 artis
294 2096 361 2116 suae
385 2086 549 2118 infamiam
571 2088 639 2119 abs·

59 2131 183 2164 oondit.
211 2132 335 2164 Eodem
363 2135 495 2165 nomine
522 2137 640 2176 prosti-

58 2177 138 2211 bula
159 2186 250 2211 notat
272 2180 369 2212 Ovid.
384 2181 482 2213 Trist.
508 2183 578 2222 111,
597 2194 634 2223 7,

61 2225 104 2258 28
120 2236 130 2259 ε
149 2227 390 2260 Tantummodo
403 2227 550 2271 soemina
571 2241 638 2261 non

270 2291 301 2326 1.

702 712 745 743 sit
756 711 870 743 Deoia.
882 703 1053 742 -Eliciet
1065 711 1164 757 domo
1183 724 1195 743 .·
1211 724 1286 756 pac-

704 767 737 791 to
767 761 890 801 pretio,
917 759 958 790 ad
983 770 1043 791 nos
1074 760 1222 794 adducet.
1238 780 1288 787 —

704 810 744 838 In
758 816 918 849 comptum
925 830 935 844 ,
953 808 1106 839 Lacaenae
1118 810 1222 847 More,
1235 821 1288 841 co-

703 866 792 886 mam
820 855 962 898 religata
992 856 1112 887 nodum
1135 867 1148 886 :
1174 857 1286 889 multae

701 902 755 933 hic
764 904 797 932 in
808 903 904 934 variis
913 902 1111 934 editionibus
1117 903 1289 937 lectiones:

705 952 911 992 Incomptam
928 961 1056 981 comam
1070 951 1213 994 religata
1232 963 1287 983 no-

704 998 779 1028 dum
793 1009 805 1034 ,·
821 997 898 1028 alias
913 1008 921 1029 ε
945 997 1143 1040 incomptum
1156 1010 1286 1031 comam

700 1046 842 1089 religata
859 1045 980 1076 nodum
991 1057 1005 1082 ,·
1022 1057 1096 1087 quae
1114 1048 1172 1078 vix
1189 1048 1286 1078 iutel-

699 1093 758 1135 ligi
771 1100 918 1136 possunt.
933 1094 1109 1134 Quomodo
1119 1094 1205 1125 enim
1219 1094 1287 1127 duo

701 1142 893 1179 accusativi,
913 1140 1033 1182 absque
1049 1140 1116 1172 ulla
1131 1144 1286 1184 praeposi·

701 1189 789 1218 tione
801 1211 810 1226 ,
826 1186 844 1218 a
855 1187 959 1219 verbo
974 1190 1102 1229 passivo
1112 1212 1121 1228 ,
1131 1189 1284 1233 religata,

700 1237 914 1277 regerentur?
931 1234 1052 1267 Melius
1071 1237 1106 1267 in
1123 1236 1194 1267 aliis
1208 1247 1218 1269 :
1234 1239 1286 1268 In-

700 1291 865 1324 comptam
881 1293 1007 1316 comam
1018 1283 1161 1326 religata
1177 1285 1284 1318 nodo:

700 1331 810 1361 malim
842 1330 949 1361 tamen
977 1331 1082 1372 legere
1110 1342 1187 1362 cum
1208 1333 1286 1364 Mit-

700 1377 861 1408 scherlich
896 1385 929 1408 et
953 1379 1077 1408 caeteris
1098 1381 1284 1411 recentiori-

699 1425 779 1456 bus:
798 1427 839 1455 In
869 1432 1033 1467 comptum
1062 1426 1185 1456 nodum
1211 1427 1284 1458 reli-

697 1481 780 1515 gata
790 1482 919 1503 com-n
928 1496 938 1510 ,
955 1473 991 1503 id
1003 1480 1070 1512 est,
1083 1474 1176 1513 cujus
1190 1484 1283 1507 coma

699 1528 746 1551 est
763 1520 894 1563 religata
912 1521 947 1551 in
970 1520 1096 1551 nodum
1120 1521 1284 1564 eleganter

697 1575 886 1599 contextum
897 1591 906 1606 ,
925 1567 1131 1609 dispositum.
1147 1585 1196 1592 —
1208 1570 1284 1602 Mo-

698 1626 733 1645 re
751 1617 903 1646 Lacoenoe
917 1626 929 1645 .·
951 1626 1043 1646 more
1060 1616 1179 1657 puellae
1191 1618 1284 1659 Sparae

697 1670 790 1694 tanae.
819 1663 974 1694 Foeminae
1004 1662 1091 1693 enim
1118 1666 1282 1706 Spartanae
1337 1705 1341 1711 Ι

698 1710 887 1752 simpliciter
900 1710 1032 1752 quidem
1042 1733 1051 1748 ,
1068 1717 1101 1742 et
1112 1712 1181 1742 sine
1195 1711 1281 1744 luxu

697 1757 930 1796 comebantur3
946 1757 1002 1788 sed
1023 1769 1091 1789 non
1119 1759 1190 1790 sine
1213 1767 1281 1791 arte

695 1804 835 1846 quadam
846 1827 856 1843 ‚
891 1803 932 1835 ad
959 1805 1146 1837 alliciendos
1178 1806 1280 1839 homi-

695 1863 776 1883 num
792 1853 906 1884 oculos
927 1853 1008 1884 mire
1024 1854 1277 1889 accommodata.

691 1899 798 1939 Unde,
811 1900 1011 1942 voluptatem
1021 1902 1184 1932 somnians
1202 1903 1276 1932 Vir-

691 1947 787 1989 gilius
811 1948 846 1978 iu
862 1948 982 1990 Georg.
1014 1950 1047 1979 II
1058 1972 1067 1987 ‚
1085 1950 1150 1989 487
1161 1972 1170 1988 ‚
1191 1951 1278 1981 ruris

691 1992 834 2036 primum
856 1995 986 2026 extollit
1000 1995 1131 2027 delicias
1142 2019 1152 2034 ,
1167 1997 1275 2038 sylva·

691 2053 766 2072 rum
779 2042 910 2073 umbras
919 2066 928 2082 ‚
942 2042 1039 2074 dulce
1051 2044 1070 2075 ὸ
1082 2043 1276 2075 fluminibus

692 2089 894 2132 refrigerium
904 2113 913 2128 ,
951 2102 1031 2122 mox
1071 2091 1274 2132 praecipuum

691 2138 778 2167 ruris
815 2144 1042 2168 ornamentum
1079 2137 1142 2168 sibi
1169 2138 1275 2180 pingit

691 2184 832 2226 virgines
847 2186 1015 2216 Lacoenas:
1028 2185 1058 2216 Ο
1070 2183 1124 2215 ubi
1137 2186 1268 2227 Tempe,

692 2230 942 2274 Sperchiusque,
957 2240 989 2264 et
1000 2231 1184 2275 Virginibus
1200 2233 1272 2264 bac-

1051 2297 1140 2354 ‘16
