1456 2508
215 135 276 165 136

593 139 634 178 Q.
659 136 842 168 HORATu
866 126 1016 169 rtatim

314 195 546 242 Mutataeque
565 194 676 231 simul
696 201 802 243 togae.

363 255 496 290 Cressa
513 267 560 290 ne
580 263 706 291 careat
724 253 883 303 pulchra
901 253 982 292 dies
1000 255 1090 292 nota
1109 253 1124 278 ³
1139 269 1149 292 ε
1369 273 1399 288 ιο

313 315 399 350 Neu
419 322 605 363 promptae
624 313 758 350 modus
775 313 968 363 amphorae
980 342 990 359 ,

362 375 448 410 Neu
467 385 611 410 morem
629 373 668 409 in
685 373 826 411 Salium
844 373 892 410 sit
911 374 1059 424 requies
1078 375 1240 425 pedum:

312 435 397 470 Neu
415 433 524 470 multi
540 433 706 471 Damalis
722 433 818 470 meri
839 434 852 462 4

366 494 521 528 Bassum
539 491 715 529 Threicia
734 493 860 529 vincat
881 493 1062 542 amystide
1079 508 1087 530 ε

314 554 399 592 Neu
418 551 539 589 desint
558 553 678 602 epulis
695 565 808 599 rosae,
1370 563 1399 587 1⁵

365 613 450 647 Neu
468 611 581 648 vivax
601 612 747 662 apium,
766 625 841 648 neu
856 611 974 649 breve
992 612 1123 651 lilium.

315 673 455 708 Omnes
473 669 511 707 in
531 671 716 708 Damalim
737 681 867 722 putres
1048 687 1063 702 ·

364 732 565 780 Deponent
586 730 600 753 5
619 731 748 768 oculos
764 746 772 768 :
794 745 862 769 nec
880 730 1046 769 Damalis
1064 743 1164 769 novo

207 847 266 877 sub
294 847 389 878 unius
413 848 616 890 ejusdemque
640 851 780 891 magistri

206 893 256 923 vel
283 892 422 924 custodis
441 895 589 935 auspiciis
613 897 778 936 pueritiam

212 940 413 980 transegisse,
443 947 475 971 et
504 940 599 971 simul
635 952 707 972 cum
741 954 779 973 eo

210 993 315 1026 togam
338 986 461 1016 virilem
491 987 649 1026 induisse3
687 987 703 1018 a
734 995 778 1018 te-

207 1032 292 1062 neris
317 1030 414 1074 igitur
436 1033 584 1064 Numidae
610 1041 641 1064 et
667 1036 779 1065 Lamiae

210 1078 345 1108 amicitia
369 1079 536 1110 coaluerat.
558 1097 605 1102 -—
620 1082 754 1111 Illucacoe
769 1093 780 1111 .-

209 1130 371 1164 praetextae
388 1125 502 1166 nempe
514 1126 548 1155 iu
564 1137 685 1166 puram.

261 1171 291 1202 3.
314 1168 425 1202 Cressa
455 1182 496 1201 ne
522 1180 633 1202 careat
643 1172 779 1213 pulchra

212 1215 280 1246 dies
298 1214 376 1247 1ιοεᾶ
391 1228 401 1247 .·
414 1216 496 1255 dies,
512 1229 607 1258 quem
622 1219 717 1249 hodi&
730 1230 778 1249 ce-

210 1262 382 1301 lebramus,
403 1263 579 1293 laetissimus
606 1264 682 1294 notai
710 1265 778 1295 alba

211 1308 416 1350 insigniatur,
433 1309 466 1340 h.
491 1321 518 1340 e.
548 1311 583 1339 in
612 1321 780 1341 numerum

209 1354 463 1385 felicissimorum
478 1356 599 1386 dierum
613 1357 779 1396 rescratum

211 1400 277 1431 dies
290 1401 444 1432 feliciores
457 1402 540 1443 apud
553 1405 712 1434 Romanos
727 1414 781 1433 no-

211 1445 242 1477 ui
259 1447 345 1486 albii,
365 1448 414 1478 vel
438 1448 509 1478 albo
528 1449 654 1489 lapillo,
677 1449 781 1479 infeli-

211 1495 311 1524 ciores
325 1493 430 1524 autem
444 1494 519 1525 notai
536 1494 624 1536 nigra
644 1495 694 1525 vel
712 1502 781 1526 atro

212 1539 321 1581 lapillo
341 1546 467 1571 notatos
488 1541 601 1578 fuisse,
626 1541 698 1571 satis
722 1552 780 1572 no-

213 1592 283 1618 tum
299 1593 355 1617 est.
369 1604 416 1610 —-
431 1585 543 1616 Cressa
556 1598 567 1616 .·
590 1586 622 1617 h.
646 1598 673 1618 e.
695 1587 779 1624 albai,

212 1631 228 1661 a
244 1633 344 1672 creta,
361 1644 433 1673 quae
446 1644 487 1663 ex
502 1632 603 1663 insula
621 1633 711 1663 Creta
726 1643 780 1674 ap-

212 1688 336 1722 portata
364 1681 435 1710 fuit.
461 1697 507 1702 --
528 1680 600 1709 Neu
620 1687 779 1720 prompta.²

211 1727 324 1757 modus
351 1724 514 1766 ampliora*
532 1735 543 1755 :
561 1725 646 1755 haud
666 1725 779 1756 modus

211 1774 246 1804 in
279 1772 464 1814 promendis
487 1782 527 1802 ex
558 1771 634 1801 cella
660 1771 779 1802 vinaria

211 1819 371 1860 amphoris
388 1825 549 1854 servetur,
568 1817 599 1848 h.
617 1828 644 1849 e.
663 1817 779 1859 largius

209 1865 304 1896 hodie
334 1866 445 1896 vinum
478 1864 634 1894 afferatur.
657 1881 704 1887 —
719 1866 779 1894 Sa-

211 1910 289 1943 Ιίιῖιη
306 1922 318 1941 .·
345 1911 501 1943 Saliorum
513 1933 520 1947 ,
541 1910 653 1940 Martis
677 1921 778 1940 sacer-

211 1958 342 1995 dotum,
359 1957 416 1998 qui
440 1967 481 1986 ex
496 1957 608 1988 Numae
633 1957 780 1986 instituto

210 2002 387 2036 secundnm
413 2003 482 2033 Liv.
507 2003 542 2040 Ι,
566 2011 628 2038 20,
645 2013 708 2042 per
729 2012 780 2031 ur-

211 2051 280 2082 bem
297 2050 342 2080 ire
355 2055 508 2080 canentes
523 2047 668 2077 carmina
678 2071 686 2083 ‚
710 2058 780 2077 cum

203 2095 361 2138 ‚tripudiis
383 2093 580 2135 solemnique
614 2093 783 2124 saltatione

207 2142 290 2184 jussi
305 2149 387 2173 sune.

263 2196 293 2226 Ι..
310 2186 406 2220 Multi
414 2185 565 2217 Damalis
579 2185 659 2216 meri
672 2196 684 2215 .·
698 2185 784 2226 puel-

214 2236 261 2274 la,
280 2245 352 2277 quae
372 2233 499 2275 largiter
522 2233 597 2264 vino
621 2243 652 2262 se
673 2232 782 2273 ingur-

832 851 929 890 gitare
942 850 1079 887 solebat,
1097 856 1134 880 ut
1144 850 1230 891 apud
1246 849 1398 881 Ovidium

832 898 910 926 Met.
938 897 1037 934 XIV,
1057 894 1141 934 252,
1163 895 1317 936 nimiique
1337 897 1395 927 El—

827 952 953 981 penora
966 941 1042 972 vlm'
1053 953 1064 972 :
1079 940 1141 972 fuit
1160 942 1297 973 Damalis
1313 942 1399 973 haud

832 987 928 1018 dubii:
947 987 1093 1018 libertina
1113 989 1162 1018 vel
1181 988 1287 1029 puella
1306 989 1400 1019 inho-

833 1035 965 1071 nestior,
993 1033 1067 1075 quia
1089 1033 1327 1065 honestioribus
1351 1036 1401 1065 vel

831 1081 978 1121 ingenuis
998 1078 1174 1121 virginib&
1193 1079 1280 1110 haud
1300 1081 1398 1111 inter-

833 1137 896 1156 esse
909 1125 1024 1155 licebat
1037 1125 1264 1166 potationibus.
1273 1129 1401 1157 —Bas-

832 1183 899 1201 sum
909 1195 918 1208 ,
939 1173 1095 1212 insignem
1110 1173 1193 1203 inter
1207 1171 1327 1203 sodales
1340 1183 1398 1213 po-

833 1225 1036 1255 tatorem3—
1051 1217 1223 1257 amystide,
1241 1218 1273 1249 h.
1290 1229 1318 1249 e.
1333 1229 1401 1249 uno

832 1265 944 1304 spiritu
968 1270 999 1293 et
1025 1263 1141 1294 haustu
1162 1264 1316 1305 poculum
1344 1275 1400 1295 ex-

834 1309 1028 1347 hauriend03
1043 1309 1175 1349 amystis
1189 1320 1253 1341 vox
1265 1317 1311 1340 est
1323 1320 1399 1351 grae-

834 1367 885 1394 ca,
900 1356 1061 1397 Hesychio
1082 1357 1255 1397 interprete
1279 1365 1287 1388 ε
1315 1366 1398 1387 συνε-

833 1400 890 1442 χὴς
905 1399 992 1438 πόσις
1001 1425 1009 1441 ,
1022 1401 1098 1432 hinc
1110 1412 1162 1443 ap.
1176 1402 1292 1434 Anaer.
1307 1405 1398 1440 XXI,

835 1459 853 1478 2
874 1458 882 1478 ε
900 1445 995 1478 πίνειν
1025 1445 1309 1493 ἀμυστίςὶνοοιιωι·
1330 1447 1399 1479 haec

834 1493 955 1524 avidius
976 1505 1043 1524 uno
1067 1494 1184 1524 haustu
1206 1495 1320 1525 vinum
1347 1495 1399 1524 ab·

833 1540 984 1571 sorbendi
1007 1541 1086 1570 ratio
1112 1539 1266 1577 Thracia,
1284 1539 1303 1570 ὲ
1324 1539 1400 1571 notai

835 1586 992 1617 Thracum
1019 1585 1204 1617 vinolentia.
1219 1603 1266 1609 -
1282 1586 1400 1626 Apium

833 1632 934 1663 vivax
962 1643 973 1662 .·
1007 1630 1063 1662 diu
1093 1631 1227 1662 viridem
1261 1632 1400 1662 colorem

833 1689 926 1709 suum
944 1688 1081 1708 servans.
1094 1695 1141 1701 —
1158 1680 1256 1708 Breve
1275 1689 1285 1708 :
1305 1678 1400 1709 breve

832 1732 957 1766 tempus
975 1723 1110 1761 florens,
1133 1730 1171 1753 ut
1196 1723 1292 1755 brevis
1326 1734 1400 1754 rosa

831 1771 889 1802 inf.
907 1772 954 1807 11,
988 1771 1004 1800 3
1017 1792 1026 1807 ‚
1046 1770 1097 1800 13.
1120 1768 1268 1800 Ceterum
1285 1769 1401 1800 ssorum

833 1827 908 1847 usus
934 1817 968 1847 in
993 1815 1070 1846 laetis
1098 1816 1253 1846 conviviis
1275 1817 1400 1846 notissi-

833 1873 915 1894 muS.

880 1909 911 1939 5.
928 1910 1118 1948 Deponent;
1138 1907 1401 1946 suaviter,aman-

834 1961 895 1992 tes,
913 1955 968 1994 qui
994 1954 1144 1984 obtutum
1170 1952 1206 1982 in
1231 1953 1336 1994 puella
1362 1952 1400 1983 fi-

834 2006 931 2041 gunt,
947 2000 997 2029 vel
1020 2010 1086 2030 uno
1103 1999 1220 2029 obtutu
1238 2000 1273 2028 in
1289 1998 1323 2029 αἱ
1339 1999 1403 2029 hae-

834 2052 917 2082 rent,
925 2045 1081 2086 deponere
1095 2044 1127 2074 in
1132 2044 1278 2085 puellam
1291 2044 1402 2075 dicun-

835 2098 888 2122 tur
913 2091 1029 2128 oculos,
1059 2098 1090 2121 et
1122 2089 1250 2131 quidem
1269 2090 1397 2131 putres',

835 2137 868 2170 h.
887 2148 915 2168 e.
929 2148 1036 2168 amore
1048 2137 1255 2174 tabescentes,
1267 2135 1402 2167 libidine

836 2190 998 2221 natantes,
1018 2183 1163 2214 lascivos.
1182 2198 1228 2206 —-
1244 2183 1315 2213 Nec
1337 2184 1404 2212 Da·
1454 2214 1456 2218 Α

837 2229 931 2260 malis
955 2239 1032 2262 novo
1046 2228 1221 2261 Divelleeur
1238 2228 1400 2264 adultero,

1014 2285 1028 2299 δ
