1456 2508
88 109 1320 129 mssssmmssummwmssffiffw'mssuussuzss§Qnssmmffum

486 245 558 319 Q.
589 235 923 300 ΗΟΒΑΤΠ

257 411 645 495 METRA
698 406 1147 487 LYRICA.

492 776 928 822 PROOEMIUM.

153 917 315 963 Miz-rm,
335 914 478 966 quibus
495 914 681 955 Horatius
701 914 742 952 in
771 913 857 951 odis
878 925 970 950 usus
998 920 1075 959 est,
1096 910 1321 951 exhibitum

101 976 196 1015 mihi
215 977 340 1015 visum
361 986 434 1024 est,
455 976 714 1028 quorumdam
736 975 785 1014 ad
802 989 886 1013 rem
907 975 1108 1013 metricam
1127 973 1324 1026 pertinen-

101 1038 198 1077 tium
216 1038 516 1086 vocabulorum,
543 1039 713 1077 tironum
733 1038 900 1076 maxime
928 1038 1066 1084 causa,
1087 1035 1324 1088 praemittere

102 1098 262 1138 brevem
281 1101 598 1152 explicationem,
618 1101 769 1139 omissis
789 1113 876 1151 quae
900 1100 1055 1138 notiora
1079 1111 1163 1138 esse
1187 1097 1323 1137 solent.

103 1162 148 1200 In
176 1162 283 1213 quod
309 1163 482 1202 studium
510 1163 542 1200 si
571 1163 634 1201 cui
663 1164 776 1202 altius
807 1172 1012 1215 penetrare
1038 1162 1079 1199 in
1109 1161 1238 1199 animo
1257 1161 1326 1208 sit,

104 1224 202 1264 duce
233 1234 367 1263 utatur
402 1226 637 1278 peritissimo
671 1226 900 1266 Godofredo
934 1228 1158 1264 Hermanno
1192 1227 1239 1261 V.
1270 1224 1324 1262 (ΣΙ.

106 1286 350 1339 (Handbuch
373 1287 442 1326 der
458 1290 603 1328 Metrik
620 1289 749 1342 Leips.
775 1288 913 1341 1799.)

156 1378 301 1415 Versus
321 1377 507 1416 iambicos
528 1386 566 1415 et
587 1378 806 1416 trochaicos
828 1375 1081 1417 Grammatici
1098 1376 1328 1427 plerumque

106 1437 273 1490 dipodiis
286 1437 480 1491 (διποὸίαις)
491 1438 529 1477 h.
543 1451 576 1477 e.
592 1439 776 1478 binorum
793 1439 939 1491 pedum
953 1437 1127 1477 seriebus
1144 1437 1157 1489 (
1173 1455 1196 1476 ω
1212 1461 1243 1466 -
1259 1452 1282 1473 o
1298 1461 1329 1466 -

107 1509 174 1539 aut
191 1523 222 1530 -—
237 1515 261 1536 υ
275 1524 308 1530 -
323 1514 346 1536 ω
364 1500 378 1553 )
398 1502 631 1550 metiuntur,
652 1512 691 1541 et
709 1516 865 1541 versum
886 1500 1052 1539 duarum
1080 1499 1329 1552 dipodiarum

84 1578 137 1606 ‚s.
165 1577 223 1611 eg,
245 1571 415 1613 quatuor
447 1563 615 1614 pedibus
648 1573 887 1603 constantem
929 1563 1163 1609 dimetrum,
1204 1562 1330 1601 tribus

111 1623 277 1676 dipodiis
301 1638 331 1662 s.
362 1638 430 1663 sex
451 1625 617 1676 pedibus
646 1634 910 1665 constructum
943 1623 1158 1660 trimetrum
1175 1633 1328 1663 vocant.

110 1688 253 1726 Versus
273 1686 374 1724 enim
391 1687 547 1725 iambici
564 1691 653 1727 cum
670 1688 710 1726 in
729 1687 827 1740 locis·
837 1685 1052 1737 imparibus
1068 1685 1237 1738 (primo,
1256 1697 1330 1725 ter-

113 1749 166 1786 tio
186 1747 282 1800 cet.)
302 1761 346 1785 ac
366 1748 552 1787 trochaici
572 1750 612 1787 in
630 1749 791 1801 paribus
813 1746 1019 1800 (secundo,
1040 1747 1195 1800 quarto)
1217 1761 1333 1800 spon-

113 1809 228 1847 deum
253 1808 398 1847 habere
426 1810 593 1861 possint,
620 1810 826 1862 rhythmus
846 1809 950 1847 idem
968 1817 1057 1860 post
1077 1809 1244 1860 singulas
1264 1811 1331 1848 de—

112 1874 219 1909 mum
246 1869 423 1922 dipodias
451 1871 562 1910 redit.
585 1872 653 1911 Sin
678 1870 774 1911 vero
808 1871 857 1910 de
885 1870 1103 1921 dactylicis,
1136 1871 1331 1910 choriam-

114 1931 211 1970 bicis
238 1941 535 1984 ceterorumque
563 1946 749 1986 generum
776 1931 954 1970 versibus
976 1931 1175 1983 (exceptis
1206 1942 1331 1970 tamen

116 1993 372 2045 anapaesticis,
401 2008 570 2045 quorum
599 2004 721 2036 metra
749 2000 865 2038 etiam
894 2002 981 2038 κατὰ
1010 1997 1161 2034 διποδίαν
1186 1993 1335 2045 dispes-

116 2053 280 2107 cuntur)
311 2067 437 2094 sermo
464 2065 538 2104 est,
559 2057 724 2098 dimeter
742 2060 959 2112 appellatur
977 2057 1045 2110 qui
1070 2054 1247 2103 duobus>
1268 2064 1304 2092 tr
1304 2057 1336 2091 ῖ-

88 2138 102 2159 ·.
117 2124 240 2156 meter
255 2117 324 2168 qui
341 2116 465 2157 tribus
483 2119 704 2160 continetur
722 2123 888 2176 pedibuS
907 2118 1159 2173 simplicibus-

169 2202 312 2238 VePSUS
342 2201 551 2238 catalecta-5
571 2201 684 2254 (ςίχος
705 2203 930 2256 κατάληκτος)
950 2212 1008 2242 est
1035 2202 1144 2254 cujus
1164 2201 1255 2253 pedi
1275 2201 1337 2238 ul·-

119 2261 212 2300 timo
232 2260 378 2313 syllaba
407 2261 514 2301 deest
543 2261 670 2315 (num.
694 2265 753 2317 3).
776 2265 816 2304 Si
837 2264 929 2317 pedi
956 2271 1022 2303 aut
1050 2261 1251 2314 trisyllabo
1272 2271 1338 2300 aut

1195 2333 1213 2349 1·

1173 2348 1188 2373 1
