1456 2508
547 155 624 187 LIB.
651 156 666 186 1
691 154 779 188 ODE
802 152 861 185 vl.
911 162 913 164 ’
1271 147 1312 184 43

314 215 446 263 Miles,
467 223 504 253 te
521 215 637 263 duce,
658 214 828 267 gesserit.

234 275 334 323 Nos,
350 276 545 329 Agrippa,
564 290 690 328 neque
707 276 791 313 haec
811 274 959 322 dicere,
979 284 1051 311 nec
1070 282 1226 324 gravem
1301 276 1316 301 ⁵

235 337 375 375 Pelidae
393 339 634 377 stomachum
651 338 667 368 4
686 338 824 376 cedere
842 336 980 383 nescii,

234 400 316 436 Nec
333 412 467 438 cursus
485 401 649 452 duplicis
667 399 681 423 ⁵
698 413 770 451 per
789 412 894 437 mare
913 397 1063 445 Ulixei,

314 461 396 498 Nec
413 474 553 499 saevam
572 460 723 512 Pelopis
740 460 899 498 domum
917 459 932 482 ⁶

237 522 449 571 Conamur,
470 532 603 561 tenues
622 530 637 553 ⁷
656 522 817 574 grandia
836 537 844 558 :
864 522 957 560 dum
977 520 1123 572 pudor,

237 582 485 636 Imbellisque
502 585 594 636 lyrae
612 597 722 622 musa
740 593 878 635 potens
898 592 1003 621 vetat
1291 596 1321 611 ¹0

237 643 388 684 Laudes
388 646 553 708 egregii
572 645 731 684 Caesaris
751 654 788 683 et
809 653 895 683 tuas

317 696 440 758 Culpa
459 707 666 745 deterere
658 705 798 758 ingeni.

238 765 334 813 Quis
353 769 520 805 Martem
537 768 662 806 tunica⁴
655 782 668 805 t
686 776 830 805 tectum
849 766 1095 805 adamantina
1112 765 1127 790 ³

237 827 362 878 Digne
379 829 603 880 scripserit?
625 839 692 867 aut
710 831 871 881 pulvere
890 829 1032 867 Troico

236 887 401 939 Nigrum
418 890 646 928 Merionen?
666 899 732 928 aut
751 903 824 941 ope
844 889 1011 928 Palladis
1295 895 1325 920 ¹⁵

257 988 261 991 ,
316 949 494 1000 Tydiden
507 951 667 1003 Superis
685 952 842 1003 parem?

109 1079 200 1122 quod
246 1081 419 1122 praefectus
450 1082 542 1114 classi
582 1081 688 1114 fuerat

108 1126 222 1159 contra
244 1131 332 1161 Sext.
355 1131 563 1172 Pompeium,
579 1131 688 1173 magni

107 1176 255 1218 Pompeii
279 1175 385 1208 fllium
395 1200 404 1216 ‚
429 1189 466 1208 ac
490 1184 565 1219 post
587 1179 688 1209 victo-

108 1222 208 1262 riam,
233 1224 368 1255 rostrata
395 1225 515 1256 corona
537 1224 687 1256 donatus.

108 1287 156 1294 —
165 1270 266 1312 EquIs
279 1282 291 1302 .·
306 1271 479 1314 antequam
495 1272 588 1303 classi
600 1274 688 1304 Sicu·

107 1317 147 1349 lae
155 1317 389 1360 praeficeretur,
401 1321 581 1361 equitatum
592 1319 690 1351 duxe-

107 1372 158 1397 rat
168 1365 206 1397 in
225 1366 336 1398 Gallos
350 1374 382 1399 et
402 1368 593 1399 Germanos.

67 1399 118 1469 ξ·
158 1418 192 1450 4.
207 1413 333 1445 Pelidoe
348 1414 548 1446 stomachum
559 1428 572 1452 ;
591 1417 690 1446 Vete-

92 1460 159 1492 ies
182 1461 384 1493 stomachum
408 1463 466 1493 irae
493 1462 600 1494 sedem
627 1473 688 1504 pu-

106 1507 238 1547 tabant,
254 1508 330 1550 quia
343 1510 410 1541 illic
423 1510 514 1548 bilis,
529 1509 616 1541 uude
632 1511 689 1548 ira,

110 1558 280 1598 coquitur;
302 1556 388 1587 infra
411 1557 475 1590 Od.
503 1559 604 1597 XVI,
625 1557 689 1589 16:

112 1605 160 1635 Et
179 1602 287 1634 insani
302 1604 407 1635 leonis
428 1604 501 1635 vim
525 1604 691 1636 stomacho

113 1650 296 1693 apposuisse
312 1659 430 1684 nostro.
442 1670 490 1676 ·-
502 1652 623 1683 Cedere
639 1663 692 1683 ne-

113 1697 189 1735 scii,
205 1699 432 1739 inexorabilis,
446 1700 518 1731 Art.
533 1702 568 1732 P.
588 1710 664 1732 121.

163 1745 195 1777 5.
211 1746 282 1776 Nec
299 1757 408 1778 cursus
424 1746 564 1789 duplicis
576 1759 587 1778 :
604 1759 689 1779 erra-

112 1791 259 1826 bundam
285 1794 410 1836 Ulyssis
432 1795 688 1837 navigationem,

114 1851 211 1884 quam
225 1842 387 1872 Homerus
402 1843 521 1874 cecinit
533 1843 570 1873 in
585 1842 690 1884 Odys-

115 1899 177 1920 sea.
191 1904 241 1914 —-
263 1888 427 1930 Duplicis,
454 1879 555 1929 vafri,
573 1890 689 1929 astuti,

113 1936 322 1968 versiformis.

163 1984 197 2016 6.
229 1984 300 2014 Nec
328 1994 447 2015 saevam
475 1984 606 2026 Pelopis
633 1985 689 2015 do-

116 2042 202 2062 mum
210 2054 220 2069 ,
233 2030 416 2062 domesticis
425 2031 569 2063 cladibus
579 2043 692 2062 cruen-

114 2086 223 2111 tatam.
237 2077 423 2110 OEnomaiis
438 2079 523 2110 enim
541 2079 559 2110 ἐι
575 2090 692 2121 genero

116 2127 252 2168 Pelope,
271 2125 422 2167 Thyestae
443 2126 539 2157 liberi
560 2127 600 2157 ab
625 2127 692 2166 ejus

115 2174 213 2205 fratre
219 2175 332 2211 Atreo,
343 2174 463 2204 Atreus
473 2173 512 2204 ab
523 2173 692 2216 AEgysfflo,

115 2224 340 2266 Agamemnon
349 2219 367 2251 a
377 2220 693 2262 Clytemnestra,haec

115 2276 148 2300 et
163 2268 338 2312 AEgysthus
357 2267 399 2299 ab
424 2270 537 2300 Oreste
555 2268 695 2310 Clytem-

114 2323 230 2349 nestrae
242 2315 312 2349 filio
324 2316 468 2355 occisus;
486 2318 614 2349 Orestes
628 2316 695 2358 ipse

740 1082 833 1113 furiis
847 1082 997 1124 agitatus.
1013 1076 1198 1111 Fecundam
1218 1077 1326 1119 poetis

742 1130 870 1172 tragicis
893 1128 1040 1160 omnium
1066 1131 1199 1157 aetatum
1225 1131 1324 1156 mate-

742 1178 840 1207 riam!
860 1175 1017 1208 Alludere
1041 1173 1171 1205 videtur
1194 1171 1235 1203 ad
1262 1179 1325 1204 tra-

743 1224 882 1266 goediam
897 1223 1008 1260 Varii,
1025 1222 1176 1264 Thyestae
1191 1221 1326 1251 nomine

742 1273 950 1314 inscriptam,
978 1269 1018 1300 de
1044 1268 1108 1311 quiz
1134 1267 1327 1309 Quinctilia-

743 1330 823 1359 nus,
837 1322 887 1357 X,
916 1329 930 1348 1
951 1328 959 1349 :
979 1316 1074 1347 Varii
1091 1315 1244 1356 Thyestes
1261 1314 1326 1346 cui-

744 1366 824 1398 libet
849 1367 1035 1397 Graecorum
1058 1361 1246 1405 comparari
1262 1373 1325 1405 po-

744 1422 815 1446 test.

793 1473 825 1501 7.
840 1463 966 1492 Tenues
971 1472 984 1498 ;
997 1470 1058 1491 nos
1073 1458 1165 1490 tenui
1175 1457 1327 1500 ingenio,

743 1516 776 1540 et
794 1509 832 1539 ad
847 1509 970 1539 leviora
986 1513 1172 1551 argumenta
1187 1506 1267 1536 nafi.
1279 1523 1327 1530 -

745 1556 950 1597 Imbellisque
969 1555 1050 1596 Iyrae
1069 1563 1162 1585 musa
1178 1561 1297 1595 potens
1315 1564 1327 1583 :

746 1615 837 1635 musa
850 1614 922 1646 quae
936 1602 1020 1634 nihil
1033 1601 1123 1633 aliud
1134 1601 1230 1632 nobis
1243 1611 1329 1633 com-

744 1653 832 1683 misit
846 1649 944 1693 quam
962 1650 1067 1693 lyram
1090 1648 1274 1689 imbellem,
1292 1647 1329 1680 id

745 1706 811 1736 est,
831 1709 900 1730 non
918 1697 1016 1729 rebus
1034 1697 1176 1735 bellicis,
1202 1695 1259 1727 sed
1276 1697 1328 1737 jo-

745 1748 828 1778 cosis
841 1753 873 1777 et
887 1745 1022 1777 ludicris
1033 1745 1157 1787 aptam!
1170 1760 1218 1768 —-
1228 1745 1330 1786 Egre-

741 1793 794 1838 gii
805 1793 963 1825 Caesaris:
979 1793 1108 1830 eximii,
1123 1792 1234 1830 uuici3
1250 1801 1327 1824 cum

744 1842 778 1872 vi
795 1840 938 1879 dictum,
954 1846 993 1871 ut
1007 1838 1092 1870 infra
1115 1840 1185 1878 111,
1208 1839 1269 1878 25,
1293 1846 1326 1877 4.

744 1907 792 1913 -
805 1890 974 1925 Demere,
995 1894 1171 1918 extenuare
1182 1910 1191 1925 ,
1210 1886 1327 1918 obscu-

744 1947 825 1968 rare.
850 1953 899 1960 ——-
923 1932 1029 1977 Culpa
1053 1931 1185 1977 ingenf,
1216 1935 1323 1966 tenui-

744 1991 819 2016 tate.

796 2032 827 2062 8.
841 2029 919 2072 Quis
933 2031 1073 2060 Martem
1083 2026 1195 2059 tunica
1207 2036 1325 2059 tectum

746 2075 992 2109 adamantind?
1007 2077 1148 2118 Augusti
1163 2083 1195 2106 et
1206 2076 1327 2118 Agrip-

745 2137 797 2167 pae
820 2124 949 2156 laudem
974 2124 1123 2154 bellicam
1143 2123 1324 2162 celebrare,

746 2173 810 2204 hoc
838 2172 925 2203 idem
952 2178 1033 2202 esset
1054 2181 1090 2201 ac
1115 2171 1142 2200 si
1165 2171 1325 2210 Martem,

748 2227 804 2251 aut
812 2220 993 2251 Meriouem
1003 2241 1011 2256 ‚
1023 2224 1078 2248 aut
1093 2217 1244 2259 Tydeum
1258 2218 1326 2250 lau·

748 2267 823 2299 dare
838 2267 947 2299 venes.
971 2264 1150 2302 Indirecte‚
1168 2273 1201 2296 et
1215 2266 1254 2297 εὸ
1271 2277 1328 2297 ex·

749 2313 917 2357 quisitius‚
943 2315 1130 2355 Augustum
1153 2320 1186 2344 et
1209 2314 1328 2356 Agrip-
