<?xml version="1.0" encoding="UTF-8"?>
<!DOCTYPE html PUBLIC "-//W3C//DTD XHTML 1.0 Transitional//EN"
    "http://www.w3.org/TR/xhtml1/DTD/xhtml1-transitional.dtd">
<html xmlns="http://www.w3.org/1999/xhtml" xml:lang="en" lang="en">
 <head>
  <title>
</title>
<meta http-equiv="Content-Type" content="text/html;charset=utf-8" />
  <meta name='ocr-system' content='tesseract 3.04.00' />
  <meta name='ocr-capabilities' content='ocr_page ocr_carea ocr_par ocr_line ocrx_word'/>
</head>
<body>
  <div class='ocr_page' id='page_1' title='image "./quintushoratiusf01horauoft_0224.png"; bbox 0 0 1456 2508; ppageno 0'>
   <div class='ocr_carea' id='block_1_1' title="bbox 215 116 278 147">
    <p class='ocr_par' dir='ltr' id='par_1_1' title="bbox 215 116 278 147">
     <span class='ocr_line' id='line_1_1' title="bbox 215 116 278 147; baseline 0.032 -11"><span class='ocrx_word' id='word_1_1' title='bbox 215 116 278 147; x_wconf 87' lang='lat'><strong>¹90</strong></span> 
     </span>
    </p>
   </div>
   <div class='ocr_carea' id='block_1_2' title="bbox 611 104 1029 146">
    <p class='ocr_par' dir='ltr' id='par_1_2' title="bbox 611 104 1029 146">
     <span class='ocr_line' id='line_1_2' title="bbox 611 104 1029 146; baseline 0 -10"><span class='ocrx_word' id='word_1_2' title='bbox 611 106 652 146; x_wconf 88' lang='lat' dir='ltr'><strong>Q.</strong></span> <span class='ocrx_word' id='word_1_3' title='bbox 676 105 854 136; x_wconf 65' lang='lat' dir='ltr'><strong>nomm</strong></span> <span class='ocrx_word' id='word_1_4' title='bbox 877 104 1029 138; x_wconf 75' lang='lat' dir='ltr'>FLACOE</span> 
     </span>
    </p>
   </div>
   <div class='ocr_carea' id='block_1_3' title="bbox 311 162 1395 875">
    <p class='ocr_par' dir='ltr' id='par_1_3' title="bbox 311 162 1395 875">
     <span class='ocr_line' id='line_1_3' title="bbox 314 162 1395 214; baseline 0.002 -12"><span class='ocrx_word' id='word_1_5' title='bbox 314 162 469 214; x_wconf 84' lang='lat' dir='ltr'>Sappho</span> <span class='ocrx_word' id='word_1_6' title='bbox 487 162 622 214; x_wconf 83' lang='lat' dir='ltr'>puellis</span> <span class='ocrx_word' id='word_1_7' title='bbox 641 163 688 200; x_wconf 90' lang='lat' dir='ltr'><strong>de</strong></span> <span class='ocrx_word' id='word_1_8' title='bbox 703 163 972 213; x_wconf 88' lang='lat' dir='ltr'><strong>popularibus;</strong></span> <span class='ocrx_word' id='word_1_9' title='bbox 1364 170 1395 197; x_wconf 83' lang='lat'><strong>²⁵</strong></span> 
     </span>
     <span class='ocr_line' id='line_1_4' title="bbox 311 222 976 272; baseline 0 -11"><span class='ocrx_word' id='word_1_10' title='bbox 311 225 358 261; x_wconf 86' lang='lat' dir='ltr'><strong>Et</strong></span> <span class='ocrx_word' id='word_1_11' title='bbox 378 233 414 262; x_wconf 86' lang='lat' dir='ltr'><strong>te</strong></span> <span class='ocrx_word' id='word_1_12' title='bbox 433 230 627 260; x_wconf 88' lang='lat' dir='ltr'><strong>sonantem</strong></span> <span class='ocrx_word' id='word_1_13' title='bbox 644 222 791 272; x_wconf 77' lang='lat' dir='ltr'><strong>plenius</strong></span> <span class='ocrx_word' id='word_1_14' title='bbox 808 223 823 246; x_wconf 86' lang='lat'>⁶</span> <span class='ocrx_word' id='word_1_15' title='bbox 840 236 976 271; x_wconf 82' lang='lat' dir='ltr'><strong>aureo,</strong></span> 
     </span>
     <span class='ocr_line' id='line_1_5' title="bbox 362 282 942 332; baseline 0 -12"><span class='ocrx_word' id='word_1_16' title='bbox 362 283 505 329; x_wconf 83' lang='lat' dir='ltr'><strong>Alcaee,</strong></span> <span class='ocrx_word' id='word_1_17' title='bbox 521 282 683 332; x_wconf 89' lang='lat' dir='ltr'><strong>plectro,</strong></span> <span class='ocrx_word' id='word_1_18' title='bbox 704 282 799 320; x_wconf 87' lang='lat' dir='ltr'><strong>dura</strong></span> <span class='ocrx_word' id='word_1_19' title='bbox 816 284 942 331; x_wconf 87' lang='lat' dir='ltr'><strong>navis,</strong></span> 
     </span>
     <span class='ocr_line' id='line_1_6' title="bbox 417 342 1001 391; baseline 0.003 -13"><span class='ocrx_word' id='word_1_20' title='bbox 417 344 523 378; x_wconf 82' lang='lat' dir='ltr'><strong>Dura</strong></span> <span class='ocrx_word' id='word_1_21' title='bbox 542 342 639 391; x_wconf 85' lang='lat' dir='ltr'><strong>fugae</strong></span> <span class='ocrx_word' id='word_1_22' title='bbox 653 342 768 390; x_wconf 89' lang='lat' dir='ltr'><strong>mala,</strong></span> <span class='ocrx_word' id='word_1_23' title='bbox 787 342 882 380; x_wconf 87' lang='lat' dir='ltr'><strong>dura</strong></span> <span class='ocrx_word' id='word_1_24' title='bbox 900 343 1001 381; x_wconf 89' lang='lat' dir='ltr'><strong>belli.</strong></span> 
     </span>
     <span class='ocr_line' id='line_1_7' title="bbox 311 402 991 453; baseline 0.004 -16"><span class='ocrx_word' id='word_1_25' title='bbox 311 403 527 451; x_wconf 87' lang='lat' dir='ltr'><strong>Utrumque</strong></span> <span class='ocrx_word' id='word_1_26' title='bbox 546 414 652 439; x_wconf 89' lang='lat' dir='ltr'><strong>sacro</strong></span> <span class='ocrx_word' id='word_1_27' title='bbox 675 402 788 453; x_wconf 82' lang='lat' dir='ltr'><strong>digna</strong></span> <span class='ocrx_word' id='word_1_28' title='bbox 805 402 954 440; x_wconf 89' lang='lat' dir='ltr'><strong>silentio</strong></span> <span class='ocrx_word' id='word_1_29' title='bbox 976 410 991 432; x_wconf 94' lang='lat'><strong>⁷</strong></span> 
     </span>
     <span class='ocr_line' id='line_1_8' title="bbox 311 461 1395 513; baseline 0.002 -13"><span class='ocrx_word' id='word_1_30' title='bbox 311 462 502 500; x_wconf 83' lang='lat' dir='ltr'><strong>Mirantur</strong></span> <span class='ocrx_word' id='word_1_31' title='bbox 519 463 664 500; x_wconf 89' lang='lat' dir='ltr'><strong>umbrae</strong></span> <span class='ocrx_word' id='word_1_32' title='bbox 684 463 829 512; x_wconf 83' lang='lat' dir='ltr'><strong>dicere3</strong></span> <span class='ocrx_word' id='word_1_33' title='bbox 848 464 915 501; x_wconf 87' lang='lat' dir='ltr'><strong>sed</strong></span> <span class='ocrx_word' id='word_1_34' title='bbox 934 461 1051 513; x_wconf 82' lang='lat' dir='ltr'><strong>magis</strong></span> <span class='ocrx_word' id='word_1_35' title='bbox 1363 469 1395 495; x_wconf 78' lang='lat'><strong>30</strong></span> 
     </span>
     <span class='ocr_line' id='line_1_9' title="bbox 363 524 933 571; baseline 0.004 -13"><span class='ocrx_word' id='word_1_36' title='bbox 363 524 509 571; x_wconf 83' lang='lat' dir='ltr'><strong>Pugnas</strong></span> <span class='ocrx_word' id='word_1_37' title='bbox 529 531 566 559; x_wconf 90' lang='lat' dir='ltr'><strong>et</strong></span> <span class='ocrx_word' id='word_1_38' title='bbox 585 531 736 559; x_wconf 82' lang='lat' dir='ltr'><strong>exactos</strong></span> <span class='ocrx_word' id='word_1_39' title='bbox 754 530 933 571; x_wconf 87' lang='lat' dir='ltr'><strong>tyrannos</strong></span> 
     </span>
     <span class='ocr_line' id='line_1_10' title="bbox 413 580 1155 632; baseline 0.003 -15"><span class='ocrx_word' id='word_1_40' title='bbox 413 583 581 618; x_wconf 85' lang='lat' dir='ltr'><strong>Densum</strong></span> <span class='ocrx_word' id='word_1_41' title='bbox 601 581 767 618; x_wconf 87' lang='lat' dir='ltr'><strong>humeris</strong></span> <span class='ocrx_word' id='word_1_42' title='bbox 784 580 883 619; x_wconf 90' lang='lat' dir='ltr'>bibit</span> <span class='ocrx_word' id='word_1_43' title='bbox 898 595 990 619; x_wconf 87' lang='lat' dir='ltr'><strong>aure</strong></span> <span class='ocrx_word' id='word_1_44' title='bbox 1008 582 1155 632; x_wconf 78' lang='lat' dir='ltr'><strong>vulgus.</strong></span> 
     </span>
     <span class='ocr_line' id='line_1_11' title="bbox 311 638 1191 692; baseline 0 -14"><span class='ocrx_word' id='word_1_45' title='bbox 311 639 415 687; x_wconf 88' lang='lat' dir='ltr'><strong>Quid</strong></span> <span class='ocrx_word' id='word_1_46' title='bbox 435 641 596 677; x_wconf 84' lang='lat' dir='ltr'><strong>mirum?</strong></span> <span class='ocrx_word' id='word_1_47' title='bbox 614 638 683 677; x_wconf 87' lang='lat' dir='ltr'><strong>ubi</strong></span> <span class='ocrx_word' id='word_1_48' title='bbox 699 639 770 677; x_wconf 90' lang='lat' dir='ltr'><strong>illis</strong></span> <span class='ocrx_word' id='word_1_49' title='bbox 790 641 1020 678; x_wconf 84' lang='lat' dir='ltr'><strong>carminibus</strong></span> <span class='ocrx_word' id='word_1_50' title='bbox 1038 650 1191 692; x_wconf 84' lang='lat' dir='ltr'>stupens</span> 
     </span>
     <span class='ocr_line' id='line_1_12' title="bbox 311 700 980 752; baseline 0.001 -14"><span class='ocrx_word' id='word_1_51' title='bbox 311 701 484 739; x_wconf 83' lang='lat' dir='ltr'><strong>Demittit</strong></span> <span class='ocrx_word' id='word_1_52' title='bbox 504 710 602 738; x_wconf 84' lang='lat' dir='ltr'><strong>atras</strong></span> <span class='ocrx_word' id='word_1_53' title='bbox 618 700 744 738; x_wconf 86' lang='lat' dir='ltr'><strong>bellua</strong></span> <span class='ocrx_word' id='word_1_54' title='bbox 760 701 948 752; x_wconf 85' lang='lat' dir='ltr'>centiceps</span> <span class='ocrx_word' id='word_1_55' title='bbox 965 700 980 723; x_wconf 69' lang='grc' dir='ltr'><strong>Β</strong></span> 
     </span>
     <span class='ocr_line' id='line_1_13' title="bbox 363 761 1395 812; baseline -0.004 -13"><span class='ocrx_word' id='word_1_56' title='bbox 363 765 506 808; x_wconf 87' lang='lat' dir='ltr'><strong>Aures,</strong></span> <span class='ocrx_word' id='word_1_57' title='bbox 527 769 564 798; x_wconf 92' lang='lat' dir='ltr'><strong>et</strong></span> <span class='ocrx_word' id='word_1_58' title='bbox 583 761 714 798; x_wconf 85' lang='lat' dir='ltr'><strong>intorti</strong></span> <span class='ocrx_word' id='word_1_59' title='bbox 730 762 874 812; x_wconf 89' lang='lat' dir='ltr'><strong>capillis</strong></span> <span class='ocrx_word' id='word_1_60' title='bbox 1362 770 1395 796; x_wconf 84' lang='lat'><strong>3⁵</strong></span> 
     </span>
     <span class='ocr_line' id='line_1_14' title="bbox 417 821 1092 875; baseline 0.003 -15"><span class='ocrx_word' id='word_1_61' title='bbox 417 821 668 860; x_wconf 85' lang='lat' dir='ltr'><strong>Eumenidum</strong></span> <span class='ocrx_word' id='word_1_62' title='bbox 690 831 909 860; x_wconf 79' lang='lat' dir='ltr'><strong>recreantur</strong></span> <span class='ocrx_word' id='word_1_63' title='bbox 928 825 1092 875; x_wconf 80' lang='lat' dir='ltr'><strong>angues?</strong></span> 
     </span>
    </p>
   </div>
   <div class='ocr_carea' id='block_1_4' title="bbox 198 954 781 2247">
    <p class='ocr_par' dir='ltr' id='par_1_4' title="bbox 198 954 775 1371">
     <span class='ocr_line' id='line_1_15' title="bbox 204 954 775 998; baseline -0.002 -12"><span class='ocrx_word' id='word_1_64' title='bbox 204 954 367 998; x_wconf 83' lang='lat' dir='ltr'><strong>pularibus</strong></span> <span class='ocrx_word' id='word_1_65' title='bbox 388 966 399 985; x_wconf 92' lang='lat'><em>:</em></span> <span class='ocrx_word' id='word_1_66' title='bbox 415 954 534 986; x_wconf 85' lang='lat' dir='ltr'><strong>Lesbiis</strong></span> <span class='ocrx_word' id='word_1_67' title='bbox 551 954 682 996; x_wconf 78' lang='lat' dir='ltr'><strong>puellis,</strong></span> <span class='ocrx_word' id='word_1_68' title='bbox 699 964 775 996; x_wconf 78' lang='lat' dir='ltr'><strong>quas</strong></span> 
     </span>
     <span class='ocr_line' id='line_1_16' title="bbox 198 1001 772 1045; baseline -0.003 -12"><span class='ocrx_word' id='word_1_69' title='bbox 198 1003 374 1045; x_wconf 82' lang='lat' dir='ltr'><strong>populares</strong></span> <span class='ocrx_word' id='word_1_70' title='bbox 394 1008 506 1039; x_wconf 84' lang='lat' dir='ltr'><strong>vocat,</strong></span> <span class='ocrx_word' id='word_1_71' title='bbox 526 1001 559 1032; x_wconf 89' lang='lat' dir='ltr'><strong>id</strong></span> <span class='ocrx_word' id='word_1_72' title='bbox 587 1008 651 1039; x_wconf 91' lang='lat' dir='ltr'><strong>est,</strong></span> <span class='ocrx_word' id='word_1_73' title='bbox 668 1013 709 1031; x_wconf 84' lang='lat' dir='ltr'><strong>ex</strong></span> <span class='ocrx_word' id='word_1_74' title='bbox 724 1001 772 1031; x_wconf 64' lang='lat' dir='ltr'><strong>eei-</strong></span> 
     </span>
     <span class='ocr_line' id='line_1_17' title="bbox 205 1047 775 1089; baseline -0.005 -9"><span class='ocrx_word' id='word_1_75' title='bbox 205 1049 278 1080; x_wconf 85' lang='lat' dir='ltr'><strong>dem</strong></span> <span class='ocrx_word' id='word_1_76' title='bbox 291 1047 393 1079; x_wconf 71' lang='lat' dir='ltr'><strong>insula</strong></span> <span class='ocrx_word' id='word_1_77' title='bbox 402 1048 563 1079; x_wconf 87' lang='lat' dir='ltr'><strong>oriundas.</strong></span> <span class='ocrx_word' id='word_1_78' title='bbox 574 1047 775 1089; x_wconf 83' lang='lat' dir='ltr'><strong>Querebatur</strong></span> 
     </span>
     <span class='ocr_line' id='line_1_18' title="bbox 205 1093 775 1136; baseline -0.007 -9"><span class='ocrx_word' id='word_1_79' title='bbox 205 1096 311 1127; x_wconf 77' lang='lat' dir='ltr'><strong>autem</strong></span> <span class='ocrx_word' id='word_1_80' title='bbox 340 1094 486 1136; x_wconf 87' lang='lat' dir='ltr'>Sappho,</span> <span class='ocrx_word' id='word_1_81' title='bbox 513 1094 564 1125; x_wconf 87' lang='lat' dir='ltr'><strong>vel</strong></span> <span class='ocrx_word' id='word_1_82' title='bbox 589 1094 678 1135; x_wconf 57' lang='lat' dir='ltr'><strong>qued</strong></span> <span class='ocrx_word' id='word_1_83' title='bbox 712 1093 775 1124; x_wconf 83' lang='lat' dir='ltr'><strong>illae</strong></span> 
     </span>
     <span class='ocr_line' id='line_1_19' title="bbox 204 1140 775 1180; baseline -0.009 -8"><span class='ocrx_word' id='word_1_84' title='bbox 204 1142 342 1180; x_wconf 75' lang='lat' dir='ltr'><strong>Lesbiae,</strong></span> <span class='ocrx_word' id='word_1_85' title='bbox 360 1140 499 1178; x_wconf 82' lang='lat' dir='ltr'><strong>Phaoni,</strong></span> <span class='ocrx_word' id='word_1_86' title='bbox 515 1151 610 1180; x_wconf 85' lang='lat' dir='ltr'><strong>quem</strong></span> <span class='ocrx_word' id='word_1_87' title='bbox 625 1142 692 1180; x_wconf 78' lang='lat' dir='ltr'><strong>ipsa</strong></span> <span class='ocrx_word' id='word_1_88' title='bbox 707 1149 775 1180; x_wconf 88' lang='lat' dir='ltr'><strong>per-</strong></span> 
     </span>
     <span class='ocr_line' id='line_1_20' title="bbox 206 1185 774 1224; baseline -0.011 -4"><span class='ocrx_word' id='word_1_89' title='bbox 206 1188 271 1220; x_wconf 70' lang='lat' dir='ltr'><strong>dite</strong></span> <span class='ocrx_word' id='word_1_90' title='bbox 301 1186 440 1224; x_wconf 81' lang='lat' dir='ltr'><strong>amabat,</strong></span> <span class='ocrx_word' id='word_1_91' title='bbox 473 1185 690 1223; x_wconf 78' lang='lat' dir='ltr'><strong>adhaerebant;</strong></span> <span class='ocrx_word' id='word_1_92' title='bbox 723 1185 774 1214; x_wconf 90' lang='lat' dir='ltr'><strong>vel</strong></span> 
     </span>
     <span class='ocr_line' id='line_1_21' title="bbox 206 1231 774 1276; baseline -0.007 -11"><span class='ocrx_word' id='word_1_93' title='bbox 206 1233 293 1276; x_wconf 84' lang='lat' dir='ltr'><strong>quod</strong></span> <span class='ocrx_word' id='word_1_94' title='bbox 306 1231 374 1275; x_wconf 83' lang='lat' dir='ltr'><strong>&#39;ipsi</strong></span> <span class='ocrx_word' id='word_1_95' title='bbox 405 1232 532 1273; x_wconf 80' lang='lat' dir='ltr'><strong>Sappho</strong></span> <span class='ocrx_word' id='word_1_96' title='bbox 562 1233 698 1272; x_wconf 83' lang='lat' dir='ltr'><strong>turpiter</strong></span> <span class='ocrx_word' id='word_1_97' title='bbox 724 1241 774 1261; x_wconf 87' lang='lat' dir='ltr'><strong>eas</strong></span> 
     </span>
     <span class='ocr_line' id='line_1_22' title="bbox 205 1278 774 1321; baseline -0.005 -10"><span class='ocrx_word' id='word_1_98' title='bbox 205 1281 341 1317; x_wconf 66' lang='lat' dir='ltr'><strong>amanti,</strong></span> <span class='ocrx_word' id='word_1_99' title='bbox 365 1278 480 1321; x_wconf 76' lang='lat' dir='ltr'><strong>parum</strong></span> <span class='ocrx_word' id='word_1_100' title='bbox 510 1278 713 1319; x_wconf 83' lang='lat' dir='ltr'><strong>obsequiosas</strong></span> <span class='ocrx_word' id='word_1_101' title='bbox 741 1288 774 1308; x_wconf 86' lang='lat' dir='ltr'><strong>se</strong></span> 
     </span>
     <span class='ocr_line' id='line_1_23' title="bbox 206 1327 403 1371; baseline -0.015 -12"><span class='ocrx_word' id='word_1_102' title='bbox 206 1327 403 1371; x_wconf 81' lang='lat' dir='ltr'><strong>praebebant.</strong></span> 
     </span>
    </p>

    <p class='ocr_par' dir='ltr' id='par_1_5' title="bbox 205 1370 779 2190">
     <span class='ocr_line' id='line_1_24' title="bbox 250 1370 773 1412; baseline -0.01 -7"><span class='ocrx_word' id='word_1_103' title='bbox 250 1373 283 1405; x_wconf 86' lang='lat'><strong>6.</strong></span> <span class='ocrx_word' id='word_1_104' title='bbox 307 1373 352 1403; x_wconf 79' lang='lat' dir='ltr'><strong>Et</strong></span> <span class='ocrx_word' id='word_1_105' title='bbox 377 1381 408 1404; x_wconf 82' lang='lat' dir='ltr'><strong>ce</strong></span> <span class='ocrx_word' id='word_1_106' title='bbox 434 1378 602 1402; x_wconf 78' lang='lat' dir='ltr'><strong>sonantem</strong></span> <span class='ocrx_word' id='word_1_107' title='bbox 625 1370 773 1412; x_wconf 73' lang='lat' dir='ltr'><strong>pleniits:</strong></span> 
     </span>
     <span class='ocr_line' id='line_1_25' title="bbox 206 1416 775 1461; baseline -0.005 -11"><span class='ocrx_word' id='word_1_108' title='bbox 206 1419 280 1461; x_wconf 67' lang='lat' dir='ltr'><strong>quia</strong></span> <span class='ocrx_word' id='word_1_109' title='bbox 302 1430 370 1450; x_wconf 89' lang='lat' dir='ltr'><strong>non</strong></span> <span class='ocrx_word' id='word_1_110' title='bbox 390 1429 489 1460; x_wconf 82' lang='lat' dir='ltr'><strong>nugas</strong></span> <span class='ocrx_word' id='word_1_111' title='bbox 514 1419 697 1455; x_wconf 81' lang='lat' dir='ltr'><strong>amatorias,</strong></span> <span class='ocrx_word' id='word_1_112' title='bbox 721 1416 775 1447; x_wconf 89' lang='lat' dir='ltr'><strong>sed</strong></span> 
     </span>
     <span class='ocr_line' id='line_1_26' title="bbox 206 1465 772 1508; baseline -0.005 -11"><span class='ocrx_word' id='word_1_113' title='bbox 206 1476 256 1497; x_wconf 87' lang='lat' dir='ltr'><strong>res</strong></span> <span class='ocrx_word' id='word_1_114' title='bbox 271 1476 379 1508; x_wconf 80' lang='lat' dir='ltr'><strong>graves</strong></span> <span class='ocrx_word' id='word_1_115' title='bbox 389 1489 397 1504; x_wconf 93' lang='lat'><strong>,</strong></span> <span class='ocrx_word' id='word_1_116' title='bbox 406 1465 475 1506; x_wconf 64' lang='lat' dir='ltr'><strong>lyrzi</strong></span> <span class='ocrx_word' id='word_1_117' title='bbox 489 1465 621 1495; x_wconf 84' lang='lat' dir='ltr'><strong>sonabat</strong></span> <span class='ocrx_word' id='word_1_118' title='bbox 634 1465 772 1502; x_wconf 68' lang='lat' dir='ltr'><strong>Alcaeus,</strong></span> 
     </span>
     <span class='ocr_line' id='line_1_27' title="bbox 205 1510 774 1554; baseline -0.005 -11"><span class='ocrx_word' id='word_1_119' title='bbox 205 1512 314 1554; x_wconf 81' lang='lat' dir='ltr'><strong>quales</strong></span> <span class='ocrx_word' id='word_1_120' title='bbox 330 1523 407 1543; x_wconf 80' lang='lat' dir='ltr'><strong>mox</strong></span> <span class='ocrx_word' id='word_1_121' title='bbox 424 1513 573 1542; x_wconf 84' lang='lat' dir='ltr'><strong>Horatius</strong></span> <span class='ocrx_word' id='word_1_122' title='bbox 597 1510 774 1552; x_wconf 89' lang='lat' dir='ltr'><strong>descriptu-</strong></span> 
     </span>
     <span class='ocr_line' id='line_1_28' title="bbox 206 1556 774 1600; baseline 0 -12"><span class='ocrx_word' id='word_1_123' title='bbox 206 1569 261 1588; x_wconf 83' lang='lat' dir='ltr'><strong>rus</strong></span> <span class='ocrx_word' id='word_1_124' title='bbox 280 1565 335 1589; x_wconf 90' lang='lat' dir='ltr'><strong>est.</strong></span> <span class='ocrx_word' id='word_1_125' title='bbox 353 1561 423 1600; x_wconf 85' lang='lat' dir='ltr'><strong>Ipsa</strong></span> <span class='ocrx_word' id='word_1_126' title='bbox 436 1557 562 1599; x_wconf 84' lang='lat' dir='ltr'>Sappho</span> <span class='ocrx_word' id='word_1_127' title='bbox 578 1557 661 1599; x_wconf 86' lang='lat' dir='ltr'><strong>apud</strong></span> <span class='ocrx_word' id='word_1_128' title='bbox 679 1556 774 1588; x_wconf 83' lang='lat' dir='ltr'><strong>Ovid.</strong></span> 
     </span>
     <span class='ocr_line' id='line_1_29' title="bbox 205 1605 775 1643; baseline -0.002 -8"><span class='ocrx_word' id='word_1_129' title='bbox 205 1605 336 1635; x_wconf 74' lang='lat' dir='ltr'><strong>Heroid.</strong></span> <span class='ocrx_word' id='word_1_130' title='bbox 372 1608 453 1643; x_wconf 77' lang='lat' dir='ltr'><strong>XV,</strong></span> <span class='ocrx_word' id='word_1_131' title='bbox 484 1605 543 1643; x_wconf 86' lang='lat'><strong>30,</strong></span> <span class='ocrx_word' id='word_1_132' title='bbox 576 1605 615 1635; x_wconf 90' lang='lat' dir='ltr'><strong>de</strong></span> <span class='ocrx_word' id='word_1_133' title='bbox 643 1605 775 1634; x_wconf 78' lang='lat' dir='ltr'><strong>Alcaeo:</strong></span> 
     </span>
     <span class='ocr_line' id='line_1_30' title="bbox 206 1651 778 1692; baseline -0.007 -10"><span class='ocrx_word' id='word_1_134' title='bbox 206 1651 276 1682; x_wconf 79' lang='lat' dir='ltr'><strong>Nec</strong></span> <span class='ocrx_word' id='word_1_135' title='bbox 298 1652 375 1692; x_wconf 81' lang='lat' dir='ltr'><strong>plus</strong></span> <span class='ocrx_word' id='word_1_136' title='bbox 402 1652 546 1689; x_wconf 65' lang='lat' dir='ltr'><strong>Alcaeus,</strong></span> <span class='ocrx_word' id='word_1_137' title='bbox 567 1661 694 1682; x_wconf 84' lang='lat' dir='ltr'><strong>consors</strong></span> <span class='ocrx_word' id='word_1_138' title='bbox 715 1660 778 1689; x_wconf 86' lang='lat' dir='ltr'><strong>pa·-</strong></span> 
     </span>
     <span class='ocr_line' id='line_1_31' title="bbox 206 1695 773 1738; baseline -0.002 -10"><span class='ocrx_word' id='word_1_139' title='bbox 206 1696 340 1738; x_wconf 78' lang='lat' dir='ltr'><strong>trioeque</strong></span> <span class='ocrx_word' id='word_1_140' title='bbox 360 1697 500 1738; x_wconf 79' lang='lat' dir='ltr'><strong>lyraeque</strong></span> <span class='ocrx_word' id='word_1_141' title='bbox 517 1695 636 1726; x_wconf 82' lang='lat' dir='ltr'><strong>Laudis</strong></span> <span class='ocrx_word' id='word_1_142' title='bbox 662 1695 773 1732; x_wconf 79' lang='lat' dir='ltr'><strong>habet,</strong></span> 
     </span>
     <span class='ocr_line' id='line_1_32' title="bbox 208 1742 777 1786; baseline -0.002 -13"><span class='ocrx_word' id='word_1_143' title='bbox 208 1742 351 1784; x_wconf 77' lang='lat' dir='ltr'><strong>quamvis</strong></span> <span class='ocrx_word' id='word_1_144' title='bbox 362 1742 518 1786; x_wconf 75' lang='lat' dir='ltr'><strong>grandiz&#39;cs</strong></span> <span class='ocrx_word' id='word_1_145' title='bbox 541 1742 596 1773; x_wconf 81' lang='lat' dir='ltr'><strong>ille</strong></span> <span class='ocrx_word' id='word_1_146' title='bbox 618 1750 718 1773; x_wconf 69' lang='lat' dir='ltr'><strong>sonet.</strong></span> <span class='ocrx_word' id='word_1_147' title='bbox 730 1760 777 1767; x_wconf 90' lang='lat'><strong>--</strong></span> 
     </span>
     <span class='ocr_line' id='line_1_33' title="bbox 207 1789 777 1830; baseline 0 -11"><span class='ocrx_word' id='word_1_148' title='bbox 207 1790 298 1819; x_wconf 81' lang='lat' dir='ltr'><strong>Dura</strong></span> <span class='ocrx_word' id='word_1_149' title='bbox 313 1789 402 1819; x_wconf 81' lang='lat' dir='ltr'><strong>navis</strong></span> <span class='ocrx_word' id='word_1_150' title='bbox 415 1789 503 1819; x_wconf 83' lang='lat' dir='ltr'><strong>mala</strong></span> <span class='ocrx_word' id='word_1_151' title='bbox 527 1800 538 1818; x_wconf 93' lang='grc'><strong>.·</strong></span> <span class='ocrx_word' id='word_1_152' title='bbox 563 1796 777 1830; x_wconf 87' lang='lat' dir='ltr'><strong>tempestates;</strong></span> 
     </span>
     <span class='ocr_line' id='line_1_34' title="bbox 209 1835 777 1877; baseline 0.004 -13"><span class='ocrx_word' id='word_1_153' title='bbox 209 1835 290 1865; x_wconf 83' lang='lat' dir='ltr'><strong>dura</strong></span> <span class='ocrx_word' id='word_1_154' title='bbox 313 1835 410 1877; x_wconf 75' lang='lat' dir='ltr'><strong>fitgae</strong></span> <span class='ocrx_word' id='word_1_155' title='bbox 436 1847 447 1866; x_wconf 91' lang='lat'><em>:</em></span> <span class='ocrx_word' id='word_1_156' title='bbox 474 1835 623 1874; x_wconf 81' lang='lat' dir='ltr'><strong>exilinm3</strong></span> <span class='ocrx_word' id='word_1_157' title='bbox 640 1835 777 1866; x_wconf 80' lang='lat' dir='ltr'><strong>-dum</strong></span> 
     </span>
     <span class='ocr_line' id='line_1_35' title="bbox 208 1880 776 1923; baseline 0.002 -12"><span class='ocrx_word' id='word_1_158' title='bbox 208 1881 284 1912; x_wconf 80' lang='lat' dir='ltr'><strong>belli</strong></span> <span class='ocrx_word' id='word_1_159' title='bbox 295 1893 307 1912; x_wconf 89' lang='lat'><em>:</em></span> <span class='ocrx_word' id='word_1_160' title='bbox 331 1880 440 1912; x_wconf 68' lang='lat' dir='ltr'><strong>contra</strong></span> <span class='ocrx_word' id='word_1_161' title='bbox 458 1883 567 1922; x_wconf 82' lang='lat' dir='ltr'><strong>patriae</strong></span> <span class='ocrx_word' id='word_1_162' title='bbox 587 1892 652 1912; x_wconf 90' lang='lat' dir='ltr'><strong>suae</strong></span> <span class='ocrx_word' id='word_1_163' title='bbox 667 1888 776 1923; x_wconf 85' lang='lat' dir='ltr'><strong>tyran-</strong></span> 
     </span>
     <span class='ocr_line' id='line_1_36' title="bbox 207 1928 778 1969; baseline 0 -11"><span class='ocrx_word' id='word_1_164' title='bbox 207 1938 268 1958; x_wconf 89' lang='lat' dir='ltr'><strong>nos</strong></span> <span class='ocrx_word' id='word_1_165' title='bbox 281 1929 420 1968; x_wconf 87' lang='lat' dir='ltr'><strong>suscepti</strong></span> <span class='ocrx_word' id='word_1_166' title='bbox 430 1951 438 1965; x_wconf 94' lang='lat'><strong><em>‚</em></strong></span> <span class='ocrx_word' id='word_1_167' title='bbox 453 1928 622 1969; x_wconf 64' lang='lat' dir='ltr'><strong>Myr-silum</strong></span> <span class='ocrx_word' id='word_1_168' title='bbox 638 1935 670 1958; x_wconf 87' lang='lat' dir='ltr'><strong>et</strong></span> <span class='ocrx_word' id='word_1_169' title='bbox 685 1930 778 1959; x_wconf 85' lang='lat' dir='ltr'><strong>Pitta-</strong></span> 
     </span>
     <span class='ocr_line' id='line_1_37' title="bbox 210 1972 778 2016; baseline 0.004 -13"><span class='ocrx_word' id='word_1_170' title='bbox 210 1984 300 2012; x_wconf 89' lang='lat' dir='ltr'><strong>cum,</strong></span> <span class='ocrx_word' id='word_1_171' title='bbox 321 1972 339 2004; x_wconf 69' lang='grc' dir='ltr'><em>ὲ</em></span> <span class='ocrx_word' id='word_1_172' title='bbox 361 1974 478 2014; x_wconf 85' lang='lat' dir='ltr'><strong>quibus</strong></span> <span class='ocrx_word' id='word_1_173' title='bbox 492 1974 527 2003; x_wconf 85' lang='lat' dir='ltr'><strong>in</strong></span> <span class='ocrx_word' id='word_1_174' title='bbox 545 1975 691 2004; x_wconf 86' lang='lat' dir='ltr'><strong>exsilium</strong></span> <span class='ocrx_word' id='word_1_175' title='bbox 706 1975 778 2016; x_wconf 91' lang='lat' dir='ltr'><strong>pul-</strong></span> 
     </span>
     <span class='ocr_line' id='line_1_38' title="bbox 210 2021 779 2062; baseline 0.002 -12"><span class='ocrx_word' id='word_1_176' title='bbox 210 2031 262 2050; x_wconf 74' lang='lat' dir='ltr'><strong>sus</strong></span> <span class='ocrx_word' id='word_1_177' title='bbox 289 2026 346 2050; x_wconf 87' lang='lat' dir='ltr'><strong>est.</strong></span> <span class='ocrx_word' id='word_1_178' title='bbox 378 2022 536 2060; x_wconf 79' lang='lat' dir='ltr'><strong>Quantam</strong></span> <span class='ocrx_word' id='word_1_179' title='bbox 566 2022 629 2050; x_wconf 88' lang='lat' dir='ltr'><strong>vim</strong></span> <span class='ocrx_word' id='word_1_180' title='bbox 663 2021 779 2062; x_wconf 83' lang='lat' dir='ltr'><strong>triplex</strong></span> 
     </span>
     <span class='ocr_line' id='line_1_39' title="bbox 209 2065 778 2106; baseline 0.002 -10"><span class='ocrx_word' id='word_1_181' title='bbox 209 2066 262 2096; x_wconf 87' lang='lat' dir='ltr'><strong>illa</strong></span> <span class='ocrx_word' id='word_1_182' title='bbox 292 2067 378 2097; x_wconf 85' lang='lat' dir='ltr'><strong>vocis</strong></span> <span class='ocrx_word' id='word_1_183' title='bbox 406 2065 487 2095; x_wconf 83' lang='lat' dir='ltr'><strong>dura</strong></span> <span class='ocrx_word' id='word_1_184' title='bbox 522 2068 684 2106; x_wconf 80' lang='lat' dir='ltr'><strong>repetitio,</strong></span> <span class='ocrx_word' id='word_1_185' title='bbox 708 2078 778 2097; x_wconf 84' lang='lat' dir='ltr'><strong>sen-</strong></span> 
     </span>
     <span class='ocr_line' id='line_1_40' title="bbox 213 2112 779 2154; baseline 0.004 -12"><span class='ocrx_word' id='word_1_186' title='bbox 213 2113 319 2142; x_wconf 82' lang='lat' dir='ltr'><strong>tentiae</strong></span> <span class='ocrx_word' id='word_1_187' title='bbox 346 2112 459 2149; x_wconf 84' lang='lat' dir='ltr'><strong>addat,</strong></span> <span class='ocrx_word' id='word_1_188' title='bbox 485 2122 615 2154; x_wconf 79' lang='lat' dir='ltr'><strong>poeseos</strong></span> <span class='ocrx_word' id='word_1_189' title='bbox 648 2114 779 2144; x_wconf 80' lang='lat' dir='ltr'><strong>amatori</strong></span> 
     </span>
     <span class='ocr_line' id='line_1_41' title="bbox 211 2157 510 2190; baseline 0.003 -2"><span class='ocrx_word' id='word_1_190' title='bbox 211 2157 351 2188; x_wconf 86' lang='lat' dir='ltr'><strong>indicare</strong></span> <span class='ocrx_word' id='word_1_191' title='bbox 364 2157 510 2190; x_wconf 78' lang='lat' dir='ltr'><strong>sufficiat.</strong></span> 
     </span>
    </p>

    <p class='ocr_par' dir='ltr' id='par_1_6' title="bbox 239 2201 781 2247">
     <span class='ocr_line' id='line_1_42' title="bbox 239 2201 781 2247; baseline 0.002 -12"><span class='ocrx_word' id='word_1_192' title='bbox 239 2201 261 2244; x_wconf 64' lang='lat'><strong>&#39;7</strong></span> <span class='ocrx_word' id='word_1_193' title='bbox 269 2206 378 2236; x_wconf 64' lang='grc' dir='ltr'><em>,θαι-νο</em></span> <span class='ocrx_word' id='word_1_194' title='bbox 388 2204 486 2247; x_wconf 74' lang='lat' dir='ltr'><strong>digna</strong></span> <span class='ocrx_word' id='word_1_195' title='bbox 497 2204 621 2236; x_wconf 81' lang='lat' dir='ltr'><strong>silentio</strong></span> <span class='ocrx_word' id='word_1_196' title='bbox 630 2216 641 2235; x_wconf 92' lang='lat'><strong>.·</strong></span> <span class='ocrx_word' id='word_1_197' title='bbox 652 2205 715 2236; x_wconf 87' lang='lat' dir='ltr'><strong>alto</strong></span> <span class='ocrx_word' id='word_1_198' title='bbox 725 2205 781 2236; x_wconf 90' lang='lat' dir='ltr'><strong>illo</strong></span> 
     </span>
    </p>
   </div>
   <div class='ocr_carea' id='block_1_5' title="bbox 826 954 1398 2247">
    <p class='ocr_par' dir='ltr' id='par_1_7' title="bbox 826 954 1398 1735">
     <span class='ocr_line' id='line_1_43' title="bbox 827 954 1397 997; baseline -0.002 -12"><span class='ocrx_word' id='word_1_199' title='bbox 827 955 955 986; x_wconf 85' lang='lat' dir='ltr'><strong>silentio</strong></span> <span class='ocrx_word' id='word_1_200' title='bbox 965 978 973 994; x_wconf 88' lang='lat'><strong>,</strong></span> <span class='ocrx_word' id='word_1_201' title='bbox 990 955 1080 997; x_wconf 84' lang='lat' dir='ltr'><strong>quod</strong></span> <span class='ocrx_word' id='word_1_202' title='bbox 1093 955 1128 986; x_wconf 86' lang='lat' dir='ltr'><strong>in</strong></span> <span class='ocrx_word' id='word_1_203' title='bbox 1137 955 1232 985; x_wconf 84' lang='lat' dir='ltr'><strong>sacris</strong></span> <span class='ocrx_word' id='word_1_204' title='bbox 1244 960 1276 985; x_wconf 88' lang='lat' dir='ltr'><strong>et</strong></span> <span class='ocrx_word' id='word_1_205' title='bbox 1287 954 1397 985; x_wconf 86' lang='lat' dir='ltr'><strong>solem-</strong></span> 
     </span>
     <span class='ocr_line' id='line_1_44' title="bbox 827 1001 1398 1034; baseline 0 -2"><span class='ocrx_word' id='word_1_206' title='bbox 827 1002 923 1032; x_wconf 81' lang='lat' dir='ltr'><strong>nibus</strong></span> <span class='ocrx_word' id='word_1_207' title='bbox 933 1003 1122 1034; x_wconf 77' lang='lat' dir='ltr'><strong>caerimoniis</strong></span> <span class='ocrx_word' id='word_1_208' title='bbox 1131 1001 1398 1032; x_wconf 86' lang='lat' dir='ltr'><strong>adhibebatur.—</strong></span> 
     </span>
     <span class='ocr_line' id='line_1_45' title="bbox 827 1046 1397 1091; baseline 0 -13"><span class='ocrx_word' id='word_1_209' title='bbox 827 1050 942 1078; x_wconf 73' lang='lat' dir='ltr'><strong>Favete</strong></span> <span class='ocrx_word' id='word_1_210' title='bbox 963 1048 1082 1091; x_wconf 81' lang='lat' dir='ltr'><strong>linguis</strong></span> <span class='ocrx_word' id='word_1_211' title='bbox 1097 1059 1109 1078; x_wconf 91' lang='lat'><em>:</em></span> <span class='ocrx_word' id='word_1_212' title='bbox 1132 1046 1214 1078; x_wconf 64' lang='lat' dir='ltr'><strong>infra</strong></span> <span class='ocrx_word' id='word_1_213' title='bbox 1225 1071 1234 1086; x_wconf 91' lang='lat'><strong>,</strong></span> <span class='ocrx_word' id='word_1_214' title='bbox 1247 1047 1308 1079; x_wconf 88' lang='lat' dir='ltr'><strong>Od.</strong></span> <span class='ocrx_word' id='word_1_215' title='bbox 1328 1047 1377 1078; x_wconf 93' lang='lat'><strong>111</strong></span> <span class='ocrx_word' id='word_1_216' title='bbox 1388 1070 1397 1085; x_wconf 93' lang='lat'><strong>,</strong></span> 
     </span>
     <span class='ocr_line' id='line_1_46' title="bbox 832 1093 1396 1136; baseline 0 -12"><span class='ocrx_word' id='word_1_217' title='bbox 832 1104 845 1124; x_wconf 91' lang='lat'>1</span> <span class='ocrx_word' id='word_1_218' title='bbox 859 1116 867 1132; x_wconf 92' lang='lat'><strong>,</strong></span> <span class='ocrx_word' id='word_1_219' title='bbox 885 1105 917 1126; x_wconf 70' lang='grc' dir='ltr'><strong>α.</strong></span> <span class='ocrx_word' id='word_1_220' title='bbox 927 1095 1047 1126; x_wconf 80' lang='lat' dir='ltr'><strong>—Sed</strong></span> <span class='ocrx_word' id='word_1_221' title='bbox 1056 1093 1178 1136; x_wconf 72' lang='lat' dir='ltr'><strong>magis:</strong></span> <span class='ocrx_word' id='word_1_222' title='bbox 1188 1094 1302 1135; x_wconf 78' lang='lat' dir='ltr'><strong>vulgus</strong></span> <span class='ocrx_word' id='word_1_223' title='bbox 1311 1093 1396 1124; x_wconf 82' lang='lat' dir='ltr'><strong>enim</strong></span> 
     </span>
     <span class='ocr_line' id='line_1_47' title="bbox 826 1138 1396 1181; baseline 0 -13"><span class='ocrx_word' id='word_1_224' title='bbox 826 1138 1011 1180; x_wconf 78' lang='lat' dir='ltr'><strong>praeliorum</strong></span> <span class='ocrx_word' id='word_1_225' title='bbox 1025 1146 1056 1170; x_wconf 87' lang='lat' dir='ltr'><strong>et</strong></span> <span class='ocrx_word' id='word_1_226' title='bbox 1074 1149 1180 1170; x_wconf 86' lang='lat' dir='ltr'><strong>rerum</strong></span> <span class='ocrx_word' id='word_1_227' title='bbox 1194 1138 1396 1181; x_wconf 86' lang='lat' dir='ltr'><strong>politicarum</strong></span> 
     </span>
     <span class='ocr_line' id='line_1_48' title="bbox 826 1184 1395 1216; baseline 0 -1"><span class='ocrx_word' id='word_1_228' title='bbox 826 1186 1006 1215; x_wconf 84' lang='lat' dir='ltr'><strong>narratione</strong></span> <span class='ocrx_word' id='word_1_229' title='bbox 1060 1184 1173 1216; x_wconf 78' lang='lat' dir='ltr'><strong>melius</strong></span> <span class='ocrx_word' id='word_1_230' title='bbox 1219 1184 1395 1216; x_wconf 84' lang='lat' dir='ltr'><strong>delectatur</strong></span> 
     </span>
     <span class='ocr_line' id='line_1_49' title="bbox 827 1230 1393 1272; baseline 0.004 -11"><span class='ocrx_word' id='word_1_231' title='bbox 827 1230 923 1272; x_wconf 68' lang='lat' dir='ltr'><strong>quam</strong></span> <span class='ocrx_word' id='word_1_232' title='bbox 936 1232 1080 1262; x_wconf 86' lang='lat' dir='ltr'><strong>cantibus</strong></span> <span class='ocrx_word' id='word_1_233' title='bbox 1089 1232 1204 1271; x_wconf 84' lang='lat' dir='ltr'><strong>jocosis</strong></span> <span class='ocrx_word' id='word_1_234' title='bbox 1217 1238 1248 1262; x_wconf 86' lang='lat' dir='ltr'><strong>et</strong></span> <span class='ocrx_word' id='word_1_235' title='bbox 1257 1231 1393 1263; x_wconf 82' lang='lat' dir='ltr'><strong>erotieis.</strong></span> 
     </span>
     <span class='ocr_line' id='line_1_50' title="bbox 826 1277 1394 1319; baseline 0 -11"><span class='ocrx_word' id='word_1_236' title='bbox 826 1295 872 1302; x_wconf 86' lang='lat'><strong>·—-</strong></span> <span class='ocrx_word' id='word_1_237' title='bbox 885 1279 1028 1308; x_wconf 79' lang='lat' dir='ltr'><strong>Densum</strong></span> <span class='ocrx_word' id='word_1_238' title='bbox 1046 1277 1201 1308; x_wconf 78' lang='lat' dir='ltr'><strong>humeris:</strong></span> <span class='ocrx_word' id='word_1_239' title='bbox 1214 1277 1394 1319; x_wconf 75' lang='lat' dir='ltr'><strong>praeclaram</strong></span> 
     </span>
     <span class='ocr_line' id='line_1_51' title="bbox 826 1321 1394 1366; baseline 0 -12"><span class='ocrx_word' id='word_1_240' title='bbox 826 1324 1013 1366; x_wconf 82' lang='lat' dir='ltr'><strong>imaginem!</strong></span> <span class='ocrx_word' id='word_1_241' title='bbox 1031 1326 1149 1355; x_wconf 83' lang='lat' dir='ltr'><strong>Omnes</strong></span> <span class='ocrx_word' id='word_1_242' title='bbox 1171 1324 1313 1362; x_wconf 84' lang='lat' dir='ltr'><strong>umbrae,</strong></span> <span class='ocrx_word' id='word_1_243' title='bbox 1331 1321 1394 1354; x_wconf 71' lang='lat' dir='ltr'><strong>tam</strong></span> 
     </span>
     <span class='ocr_line' id='line_1_52' title="bbox 827 1370 1394 1412; baseline -0.002 -12"><span class='ocrx_word' id='word_1_244' title='bbox 827 1370 925 1412; x_wconf 64' lang='lat' dir='ltr'><strong>spissa</strong></span> <span class='ocrx_word' id='word_1_245' title='bbox 948 1370 1073 1402; x_wconf 63' lang='lat' dir='ltr'><strong>caterva</strong></span> <span class='ocrx_word' id='word_1_246' title='bbox 1094 1371 1236 1402; x_wconf 85' lang='lat' dir='ltr'><strong>Alcaeum</strong></span> <span class='ocrx_word' id='word_1_247' title='bbox 1258 1372 1394 1400; x_wconf 88' lang='lat' dir='ltr'><strong>eircum-</strong></span> 
     </span>
     <span class='ocr_line' id='line_1_53' title="bbox 827 1417 1394 1459; baseline -0.002 -12"><span class='ocrx_word' id='word_1_248' title='bbox 827 1417 918 1454; x_wconf 82' lang='lat' dir='ltr'><strong>dant,</strong></span> <span class='ocrx_word' id='word_1_249' title='bbox 940 1417 985 1448; x_wconf 73' lang='lat' dir='ltr'><strong>ita</strong></span> <span class='ocrx_word' id='word_1_250' title='bbox 1004 1417 1238 1459; x_wconf 84' lang='lat' dir='ltr'><strong>glomerantur,</strong></span> <span class='ocrx_word' id='word_1_251' title='bbox 1254 1423 1292 1447; x_wconf 87' lang='lat' dir='ltr'><strong>ut</strong></span> <span class='ocrx_word' id='word_1_252' title='bbox 1311 1417 1394 1446; x_wconf 85' lang='lat' dir='ltr'><strong>invi-</strong></span> 
     </span>
     <span class='ocr_line' id='line_1_54' title="bbox 828 1463 1395 1505; baseline -0.004 -11"><span class='ocrx_word' id='word_1_253' title='bbox 828 1463 897 1494; x_wconf 73' lang='lat' dir='ltr'><strong>cem</strong></span> <span class='ocrx_word' id='word_1_254' title='bbox 921 1463 1060 1494; x_wconf 80' lang='lat' dir='ltr'><strong>humeris</strong></span> <span class='ocrx_word' id='word_1_255' title='bbox 1081 1475 1114 1495; x_wconf 87' lang='lat' dir='ltr'><strong>se</strong></span> <span class='ocrx_word' id='word_1_256' title='bbox 1135 1473 1278 1505; x_wconf 80' lang='lat' dir='ltr'><strong>premere</strong></span> <span class='ocrx_word' id='word_1_257' title='bbox 1299 1469 1331 1493; x_wconf 87' lang='lat' dir='ltr'><strong>et</strong></span> <span class='ocrx_word' id='word_1_258' title='bbox 1349 1468 1395 1492; x_wconf 84' lang='lat' dir='ltr'><strong>te·</strong></span> 
     </span>
     <span class='ocr_line' id='line_1_55' title="bbox 827 1508 1395 1541; baseline -0.004 -1"><span class='ocrx_word' id='word_1_259' title='bbox 827 1521 895 1540; x_wconf 89' lang='lat' dir='ltr'><strong>rere</strong></span> <span class='ocrx_word' id='word_1_260' title='bbox 919 1510 1095 1541; x_wconf 86' lang='lat' dir='ltr'><strong>videantur.</strong></span> <span class='ocrx_word' id='word_1_261' title='bbox 1114 1527 1162 1534; x_wconf 91' lang='lat'><strong>--</strong></span> <span class='ocrx_word' id='word_1_262' title='bbox 1175 1508 1262 1540; x_wconf 81' lang='lat' dir='ltr'><strong>Bibit</strong></span> <span class='ocrx_word' id='word_1_263' title='bbox 1287 1519 1364 1539; x_wconf 82' lang='lat' dir='ltr'><strong>aure</strong></span> <span class='ocrx_word' id='word_1_264' title='bbox 1383 1519 1395 1538; x_wconf 79' lang='lat'><strong>.-</strong></span> 
     </span>
     <span class='ocr_line' id='line_1_56' title="bbox 827 1555 1395 1598; baseline -0.005 -11"><span class='ocrx_word' id='word_1_265' title='bbox 827 1558 948 1598; x_wconf 85' lang='lat' dir='ltr'><strong>egregia</strong></span> <span class='ocrx_word' id='word_1_266' title='bbox 972 1557 1171 1588; x_wconf 77' lang='lat' dir='ltr'><strong>catachresis!</strong></span> <span class='ocrx_word' id='word_1_267' title='bbox 1188 1562 1225 1586; x_wconf 89' lang='lat' dir='ltr'><strong>ut</strong></span> <span class='ocrx_word' id='word_1_268' title='bbox 1249 1555 1335 1586; x_wconf 86' lang='lat' dir='ltr'><strong>enim</strong></span> <span class='ocrx_word' id='word_1_269' title='bbox 1356 1555 1395 1584; x_wconf 89' lang='lat' dir='ltr'><strong>li-</strong></span> 
     </span>
     <span class='ocr_line' id='line_1_57' title="bbox 828 1601 1396 1644; baseline -0.005 -11"><span class='ocrx_word' id='word_1_270' title='bbox 828 1614 943 1643; x_wconf 89' lang='lat' dir='ltr'><strong>quores</strong></span> <span class='ocrx_word' id='word_1_271' title='bbox 965 1610 1110 1644; x_wconf 87' lang='lat' dir='ltr'><strong>gutture,</strong></span> <span class='ocrx_word' id='word_1_272' title='bbox 1127 1604 1172 1633; x_wconf 87' lang='lat' dir='ltr'><strong>sic</strong></span> <span class='ocrx_word' id='word_1_273' title='bbox 1196 1601 1325 1633; x_wconf 77' lang='lat' dir='ltr'><strong>auribus</strong></span> <span class='ocrx_word' id='word_1_274' title='bbox 1347 1611 1396 1631; x_wconf 84' lang='lat' dir='ltr'><strong>so-</strong></span> 
     </span>
     <span class='ocr_line' id='line_1_58' title="bbox 828 1646 1396 1689; baseline -0.005 -10"><span class='ocrx_word' id='word_1_275' title='bbox 828 1659 887 1679; x_wconf 90' lang='lat' dir='ltr'><strong>nos</strong></span> <span class='ocrx_word' id='word_1_276' title='bbox 905 1650 1108 1689; x_wconf 87' lang='lat' dir='ltr'><strong>percipimus.</strong></span> <span class='ocrx_word' id='word_1_277' title='bbox 1129 1647 1293 1689; x_wconf 79' lang='lat' dir='ltr'><strong>Suspensis</strong></span> <span class='ocrx_word' id='word_1_278' title='bbox 1311 1646 1396 1676; x_wconf 83' lang='lat' dir='ltr'><strong>auri-</strong></span> 
     </span>
     <span class='ocr_line' id='line_1_59' title="bbox 828 1694 1391 1735; baseline -0.004 -10"><span class='ocrx_word' id='word_1_279' title='bbox 828 1695 884 1725; x_wconf 82' lang='lat' dir='ltr'><strong>bus</strong></span> <span class='ocrx_word' id='word_1_280' title='bbox 906 1695 967 1725; x_wconf 86' lang='lat' dir='ltr'><strong>ista</strong></span> <span class='ocrx_word' id='word_1_281' title='bbox 982 1695 1103 1731; x_wconf 86' lang='lat' dir='ltr'><strong>bibam;</strong></span> <span class='ocrx_word' id='word_1_282' title='bbox 1114 1696 1209 1735; x_wconf 87' lang='lat' dir='ltr'><strong>Prop.</strong></span> <span class='ocrx_word' id='word_1_283' title='bbox 1223 1695 1290 1731; x_wconf 86' lang='lat'><strong>111,</strong></span> <span class='ocrx_word' id='word_1_284' title='bbox 1308 1697 1339 1734; x_wconf 83' lang='lat'><strong>6,</strong></span> <span class='ocrx_word' id='word_1_285' title='bbox 1361 1694 1391 1726; x_wconf 90' lang='lat'><strong>8.</strong></span> 
     </span>
    </p>

    <p class='ocr_par' dir='ltr' id='par_1_8' title="bbox 829 1741 1398 2247">
     <span class='ocr_line' id='line_1_60' title="bbox 877 1741 1398 1783; baseline 0 -10"><span class='ocrx_word' id='word_1_286' title='bbox 877 1742 908 1773; x_wconf 87' lang='lat'><strong>8.</strong></span> <span class='ocrx_word' id='word_1_287' title='bbox 927 1742 1044 1772; x_wconf 74' lang='lat' dir='ltr'><strong>Benna</strong></span> <span class='ocrx_word' id='word_1_288' title='bbox 1062 1741 1219 1783; x_wconf 80' lang='lat' dir='ltr'><strong>centiceps</strong></span> <span class='ocrx_word' id='word_1_289' title='bbox 1230 1753 1242 1773; x_wconf 92' lang='grc'><strong>.·</strong></span> <span class='ocrx_word' id='word_1_290' title='bbox 1255 1743 1313 1772; x_wconf 89' lang='lat' dir='ltr'><strong>tria</strong></span> <span class='ocrx_word' id='word_1_291' title='bbox 1330 1749 1398 1773; x_wconf 86' lang='lat' dir='ltr'><strong>tan-</strong></span> 
     </span>
     <span class='ocr_line' id='line_1_61' title="bbox 830 1786 1397 1829; baseline 0.002 -11"><span class='ocrx_word' id='word_1_292' title='bbox 830 1786 898 1818; x_wconf 77' lang='lat' dir='ltr'><strong>tum</strong></span> <span class='ocrx_word' id='word_1_293' title='bbox 922 1789 1022 1828; x_wconf 85' lang='lat' dir='ltr'><strong>capita</strong></span> <span class='ocrx_word' id='word_1_294' title='bbox 1042 1788 1138 1829; x_wconf 75' lang='lat' dir='ltr'><strong>vulgo</strong></span> <span class='ocrx_word' id='word_1_295' title='bbox 1163 1787 1181 1818; x_wconf 70' lang='grc' dir='ltr'><strong>ἐι</strong></span> <span class='ocrx_word' id='word_1_296' title='bbox 1203 1789 1304 1829; x_wconf 81' lang='lat' dir='ltr'><strong>poetis</strong></span> <span class='ocrx_word' id='word_1_297' title='bbox 1323 1788 1397 1819; x_wconf 87' lang='lat' dir='ltr'><strong>Cer-</strong></span> 
     </span>
     <span class='ocr_line' id='line_1_62' title="bbox 829 1835 1398 1875; baseline 0 -10"><span class='ocrx_word' id='word_1_298' title='bbox 829 1835 908 1866; x_wconf 86' lang='lat' dir='ltr'><strong>bero</strong></span> <span class='ocrx_word' id='word_1_299' title='bbox 921 1835 1133 1875; x_wconf 82' lang='lat' dir='ltr'><strong>assignantur3</strong></span> <span class='ocrx_word' id='word_1_300' title='bbox 1151 1835 1269 1875; x_wconf 82' lang='lat' dir='ltr'><strong>quibus</strong></span> <span class='ocrx_word' id='word_1_301' title='bbox 1283 1835 1398 1866; x_wconf 84' lang='lat' dir='ltr'><strong>Noster</strong></span> 
     </span>
     <span class='ocr_line' id='line_1_63' title="bbox 829 1880 1397 1922; baseline -0.002 -11"><span class='ocrx_word' id='word_1_302' title='bbox 829 1888 1012 1922; x_wconf 87' lang='lat' dir='ltr'><strong>serpentum</strong></span> <span class='ocrx_word' id='word_1_303' title='bbox 1024 1888 1159 1910; x_wconf 83' lang='lat' dir='ltr'><strong>turmam</strong></span> <span class='ocrx_word' id='word_1_304' title='bbox 1171 1880 1329 1922; x_wconf 82' lang='lat' dir='ltr'><strong>adjungit,</strong></span> <span class='ocrx_word' id='word_1_305' title='bbox 1340 1882 1397 1922; x_wconf 89' lang='lat' dir='ltr'><strong>qui</strong></span> 
     </span>
     <span class='ocr_line' id='line_1_64' title="bbox 830 1926 1397 1967; baseline -0.004 -9"><span class='ocrx_word' id='word_1_306' title='bbox 830 1935 878 1958; x_wconf 91' lang='lat' dir='ltr'><strong>tot</strong></span> <span class='ocrx_word' id='word_1_307' title='bbox 893 1927 1017 1958; x_wconf 86' lang='lat' dir='ltr'><strong>inferno</strong></span> <span class='ocrx_word' id='word_1_308' title='bbox 1042 1927 1111 1956; x_wconf 89' lang='lat' dir='ltr'><strong>cani</strong></span> <span class='ocrx_word' id='word_1_309' title='bbox 1130 1928 1231 1967; x_wconf 81' lang='lat' dir='ltr'><strong>capita</strong></span> <span class='ocrx_word' id='word_1_310' title='bbox 1245 1926 1397 1957; x_wconf 86' lang='lat' dir='ltr'><strong>videntur</strong></span> 
     </span>
     <span class='ocr_line' id='line_1_65' title="bbox 830 1971 1397 2014; baseline -0.002 -11"><span class='ocrx_word' id='word_1_311' title='bbox 830 1973 962 2011; x_wconf 82' lang='lat' dir='ltr'><strong>addere,</strong></span> <span class='ocrx_word' id='word_1_312' title='bbox 979 1979 1060 2014; x_wconf 89' lang='lat' dir='ltr'><strong>quot</strong></span> <span class='ocrx_word' id='word_1_313' title='bbox 1076 1972 1123 2002; x_wconf 88' lang='lat' dir='ltr'><strong>illi</strong></span> <span class='ocrx_word' id='word_1_314' title='bbox 1142 1973 1251 2003; x_wconf 82' lang='lat' dir='ltr'><strong>oribus</strong></span> <span class='ocrx_word' id='word_1_315' title='bbox 1269 1971 1397 2003; x_wconf 81' lang='lat' dir='ltr'><strong>sibilant</strong></span> 
     </span>
     <span class='ocr_line' id='line_1_66' title="bbox 831 2018 1396 2060; baseline -0.002 -10"><span class='ocrx_word' id='word_1_316' title='bbox 831 2027 863 2050; x_wconf 87' lang='lat' dir='ltr'><strong>et</strong></span> <span class='ocrx_word' id='word_1_317' title='bbox 879 2021 1051 2050; x_wconf 89' lang='lat' dir='ltr'><strong>minantur.</strong></span> <span class='ocrx_word' id='word_1_318' title='bbox 1069 2019 1222 2060; x_wconf 84' lang='lat' dir='ltr'><strong>Compara</strong></span> <span class='ocrx_word' id='word_1_319' title='bbox 1242 2018 1328 2050; x_wconf 87' lang='lat' dir='ltr'><strong>hunc</strong></span> <span class='ocrx_word' id='word_1_320' title='bbox 1348 2019 1396 2050; x_wconf 86' lang='lat' dir='ltr'><strong>lo·</strong></span> 
     </span>
     <span class='ocr_line' id='line_1_67' title="bbox 832 2066 1395 2107; baseline -0.002 -11"><span class='ocrx_word' id='word_1_321' title='bbox 832 2077 906 2096; x_wconf 89' lang='lat' dir='ltr'><strong>cum</strong></span> <span class='ocrx_word' id='word_1_322' title='bbox 930 2077 1003 2095; x_wconf 91' lang='lat' dir='ltr'><strong>cum</strong></span> <span class='ocrx_word' id='word_1_323' title='bbox 1030 2066 1181 2106; x_wconf 86' lang='lat' dir='ltr'><strong>Virgilio,</strong></span> <span class='ocrx_word' id='word_1_324' title='bbox 1201 2066 1316 2107; x_wconf 86' lang='lat' dir='ltr'><strong>Georg.</strong></span> <span class='ocrx_word' id='word_1_325' title='bbox 1338 2066 1395 2103; x_wconf 81' lang='lat' dir='ltr'><strong>lv,</strong></span> 
     </span>
     <span class='ocr_line' id='line_1_68' title="bbox 835 2111 1398 2153; baseline -0.004 -11"><span class='ocrx_word' id='word_1_326' title='bbox 835 2118 897 2151; x_wconf 74' lang='lat'><strong>471</strong></span> <span class='ocrx_word' id='word_1_327' title='bbox 927 2119 958 2142; x_wconf 85' lang='lat' dir='ltr'><strong>et</strong></span> <span class='ocrx_word' id='word_1_328' title='bbox 977 2112 1197 2153; x_wconf 84' lang='lat' dir='ltr'><strong>sequentihus,</strong></span> <span class='ocrx_word' id='word_1_329' title='bbox 1219 2111 1339 2152; x_wconf 87' lang='lat' dir='ltr'><strong>Orphei</strong></span> <span class='ocrx_word' id='word_1_330' title='bbox 1362 2112 1398 2141; x_wconf 88' lang='lat' dir='ltr'><strong>in</strong></span> 
     </span>
     <span class='ocr_line' id='line_1_69' title="bbox 833 2156 1397 2199; baseline -0.002 -11"><span class='ocrx_word' id='word_1_331' title='bbox 833 2159 950 2189; x_wconf 85' lang='lat' dir='ltr'><strong>inferos</strong></span> <span class='ocrx_word' id='word_1_332' title='bbox 977 2158 1180 2196; x_wconf 89' lang='lat' dir='ltr'><strong>descensum,</strong></span> <span class='ocrx_word' id='word_1_333' title='bbox 1199 2164 1231 2188; x_wconf 84' lang='lat' dir='ltr'><strong>et</strong></span> <span class='ocrx_word' id='word_1_334' title='bbox 1254 2156 1397 2199; x_wconf 85' lang='lat' dir='ltr'><strong>prodigia</strong></span> 
     </span>
     <span class='ocr_line' id='line_1_70' title="bbox 834 2204 1397 2247; baseline 0 -12"><span class='ocrx_word' id='word_1_335' title='bbox 834 2205 874 2235; x_wconf 90' lang='lat' dir='ltr'><strong>ab</strong></span> <span class='ocrx_word' id='word_1_336' title='bbox 889 2216 927 2237; x_wconf 92' lang='lat' dir='ltr'><strong>eo</strong></span> <span class='ocrx_word' id='word_1_337' title='bbox 944 2211 1063 2247; x_wconf 84' lang='lat' dir='ltr'><strong>patrata</strong></span> <span class='ocrx_word' id='word_1_338' title='bbox 1077 2204 1397 2236; x_wconf 52' lang='lat' dir='ltr'><strong>describente-Eu-</strong></span> 
     </span>
    </p>
   </div>
  </div>
 </body>
</html>
