1456 2508
220 157 286 188 226
602 159 642 197 Q.
666 155 848 188 nomm
872 154 1023 187 mmm

538 445 686 501 ODE
729 445 1078 502 SECUNDA

217 616 379 646 Romanos
391 613 414 644 ὰ
435 611 550 644 teneris
567 611 663 642 annis
680 612 727 642 ad
736 619 960 653 paupertatem
969 634 978 649 ‚
995 611 1042 642 ad
1057 610 1179 642 milieiae
1194 609 1335 646 labores,
1355 610 1402 640 ad

261 667 413 699 virtutem
429 665 559 702 civilem,
580 665 627 696 ad
631 665 788 706 pietatem
802 676 867 697 esse
879 665 1100 708 informandos
1114 671 1220 696 monet
1236 661 1400 700 Horatius,-

260 733 351 754 suam
369 732 436 753 esse
456 720 572 752 virtuti
590 721 783 758 mercedem,
805 731 862 751 sua
884 721 1019 763 ignavia·
1025 720 1188 761 pericula,
1205 729 1296 750 suam
1314 718 1398 749 male

258 774 422 818 agentibus
434 784 586 816 poenam,
603 772 701 804 sericus
721 773 806 804 ociccs
819 773 1061 804 exsolvendam.

317 899 529 934 Anousmm
549 895 666 932 amice
686 895 904 946 pauperiem
924 902 933 918 ¹
955 894 1033 944 pati

316 956 510 995 Robustus
529 955 607 993 acri
625 955 758 992 militia
778 967 875 1004 puer

370 1013 584 1061 Condiscat,
604 1023 641 1052 et
663 1014 823 1051 Parthos
839 1014 984 1050 feroces

420 1076 541 1111 Vexet
560 1086 673 1122 eques
695 1073 917 1110 metuendus
936 1072 1060 1116 hasta,

315 1133 517 1183 Vitamque
534 1132 604 1170 sub
626 1132 708 1180 dio,
734 1142 771 1170 et
791 1132 947 1182 trepidis
968 1139 1052 1181 agat
1385 1137 1398 1161 ⁵

315 1195 360 1230 In
379 1191 505 1229 rebus.
528 1193 639 1229 Illum
655 1205 702 1229 ex
720 1191 905 1229 moenibus
921 1190 1075 1228 hosticis

369 1255 546 1289 Matrona
566 1260 581 1274 ²
599 1251 771 1288 bellantis
795 1250 946 1300 tyranni

420 1311 674 1360 Prospiciens,
695 1319 731 1348 et
750 1311 878 1348 adulta
897 1310 1025 1359 virgo,

318 1372 512 1423 Suspiret:
534 1388 549 1405 «
563 1371 687 1409 Eheu!
704 1385 751 1408 ne
770 1371 874 1408 rudis
892 1371 1080 1420 agminum

263 1513 276 1533 1
284 1526 292 1534 .
303 1504 482 1544 Angustam
487 1501 675 1543 pauperiem
685 1512 696 1532 .·
705 1512 781 1542 pau-

213 1555 364 1590 pertatem
404 1559 471 1578 nou
500 1547 676 1578 absolutam
688 1571 696 1586 ‚
725 1547 779 1577 sed

211 1595 423 1635 privationem
440 1604 547 1624 rerum
569 1604 640 1634 qnae
662 1594 697 1623 in
717 1592 781 1623 vita

212 1640 299 1670 civili
317 1646 507 1680 suppetunt,
524 1646 555 1669 et
575 1637 592 1668 ὲ
609 1639 725 1680 quibus
743 1639 779 1669 in

213 1686 321 1716 castris
332 1686 482 1716 abstineri
494 1685 597 1716 debet.
612 1702 658 1708 —-
667 1684 781 1715 Amic&

206 1731 282 1772 paci
294 1742 305 1761 :
317 1731 454 1761 libenter
469 1731 610 1761 tolerare.
626 1731 713 1761 Libri
728 1741 781 1761 ve-

212 1783 311 1814 teres,
327 1784 487 1817 quotquot
502 1776 588 1815 vidi,
604 1776 707 1806 amic&
723 1775 778 1806 ha—

211 1822 310 1860 hent,
333 1833 400 1853 uon
428 1821 534 1853 amici.
558 1839 606 1845 —-
627 1822 780 1852 Robuscus

211 1867 283 1898 acri
296 1865 411 1898 milicia
425 1879 436 1897 .·
450 1868 572 1898 bellicis
585 1868 780 1898 exercitatio—

212 1914 308 1944 nibus
330 1914 412 1944 vires
429 1913 512 1944 ultra
531 1920 652 1943 aetatem
670 1924 779 1943 conse-

213 1966 318 1990 cutus.
333 1977 379 1983 --
398 1962 505 1990 Puer:
520 1959 698 1990 adolescens
713 1970 779 1999 sep-

212 2005 379 2037 temdecim
393 2004 457 2036 fere
471 2015 570 2035 annos
587 2011 690 2035 natus.
703 2006 779 2035 Haec

212 2062 279 2082 vox
297 2062 381 2092 puer
397 2051 565 2092 saepissime
592 2049 631 2080 ad
658 2056 779 2080 aetatem

209 2098 380 2137 juvenilem
389 2120 398 2135 ,
407 2097 472 2127 imo
481 2103 511 2126 et
519 2102 675 2126 maturam
685 2102 781 2126 trans-

208 2143 323 2175 fertur.
353 2143 504 2184 Virgilius
533 2141 572 2172 de
599 2143 719 2173 Caesare
748 2148 780 2171 et

210 2189 382 2230 Pompeio,
419 2188 543 2219 AEneid.
584 2189 631 2218 VI
644 2209 652 2225 ,
686 2187 750 2218 832
767 2198 779 2216 .-

210 2235 276 2271 Ne,
294 2233 406 2276 pueri,
426 2244 466 2265 ne
484 2240 575 2265 tanta
594 2232 710 2263 animis
726 2243 777 2263 as-

832 1498 963 1531 suescite
999 1499 1095 1530 bella.
1117 1515 1164 1522 ——-·
1193 1497 1364 1530 condiscat
1385 1511 1397 1530 .·

835 1553 914 1577 nota
939 1547 1004 1576 vim
1035 1545 1282 1586 praepositionis3
1311 1556 1396 1576 com—

833 1593 926 1633 plete,
936 1591 1074 1633 perfecte
1086 1590 1193 1622 discat.
1205 1591 1397 1631 -Trepidis

833 1640 873 1668 In
884 1638 973 1668 rebus
982 1648 994 1667 .·
1007 1647 1050 1666 au
1059 1635 1168 1666 milieu
1180 1637 1235 1667 des
1244 1637 1394 1668 alarmes.

880 1694 910 1714 2.
939 1685 1091 1713 Matrona
1115 1693 1126 1712 .·
1156 1692 1257 1720 uxor,
1284 1684 1396 1713 marito

833 1740 892 1760 sno
909 1727 1047 1770 primum
1058 1751 1067 1766 ,
1085 1727 1198 1758 deinde
1215 1727 1290 1758 filiae
1313 1739 1394 1766 suae,

833 1782 886 1806 aut
899 1772 1004 1816 potius
1019 1775 1128 1804 futuro
1143 1784 1258 1814 genero
1270 1775 1393 1805 timens.

830 1838 877 1844 —
898 1820 1021 1851 Adulta
1051 1830 1063 1849 .·
1090 1819 1208 1860 quippe
1237 1829 1308 1860 quae
1330 1819 1395 1858 jaim

830 1873 970 1907 nuptura
984 1866 1033 1897 sit.
1046 1882 1093 1889 —
1106 1864 1246 1906 Suspt'ree
1256 1875 1268 1895 .-
1281 1864 1395 1895 eximi-<31

830 1913 984 1942 brevitate
994 1933 1003 1949 ‚
1031 1921 1090 1952 pro
1101 1933 1111 1947 ,
1140 1910 1327 1951 suspirando
1358 1911 1395 1941 in

831 1958 898 1988 haee
907 1958 1003 1988 verba
1013 1955 1304 1997 erumpat.--El1eu
1314 1958 1328 1986 .'
1338 1967 1394 1987 ex·

832 2004 975 2035 clamatio
989 2003 1143 2043 pathetica
1155 2003 1284 2044 virginis
1297 2013 1393 2043 spon·

833 2059 869 2080 so
888 2059 947 2079 suo
962 2049 1140 2079 metuentis.
1162 2065 1209 2071 -
1225 2047 1322 2078 Rudis
1337 2058 1394 2089 ag-

833 2095 951 2125 minum
967 2095 1048 2135 :qui
1066 2093 1267 2124 umbratilem
1291 2093 1394 2124 hacte—

832 2140 893 2172 nus
903 2142 998 2170 vitam
1007 2140 1112 2178 duxit,
1122 2139 1161 2169 ab
1173 2148 1330 2170 armorum
1345 2145 1393 2169 tu-

831 2187 935 2217 multu
948 2185 1042 2226 louge
1057 2192 1196 2216 remotus
1204 2207 1212 2222 ‚
1222 2195 1280 2226 per
1291 2194 1391 2225 oppo-

830 2233 976 2264 sitionem
990 2232 1100 2271 juveni
1113 2231 1161 2262 illi
1174 2233 1328 2268 Romano,
1337 2230 1394 2270 qui
