1456 2508
193 130 236 161 92
569 128 609 167 Q.
635 126 817 158 HORATII
842 124 992 157 FLACCI

274 180 401 229 Clare,
422 184 625 230 Maecenas,
642 196 777 233 eques,
794 192 837 220 ut
856 182 1004 233 paterni
1368 190 1382 214 ⁵

271 241 452 280 Fluminis
470 242 581 293 ripae,
601 243 712 281 simul
731 253 767 281 et
782 244 914 294 jocosa

270 302 461 341 Redderet
479 303 609 341 laudes
628 303 699 341 tibi
716 304 890 342 Vaticani

451 363 594 401 Montis
613 363 748 414 imago.

271 422 476 460 Caecubum
491 423 507 453 4
527 432 564 461 et
582 424 699 474 praelo
719 423 899 462 domitam
919 424 1057 461 Caleno

268 485 326 520 Tu
344 482 452 520 bibes
471 482 485 506 ⁵
502 496 615 521 uvam
635 499 643 520 z
663 496 745 521 mea
763 497 832 521 nec
852 484 1019 521 Falernae
1350 499 1379 515 10

269 545 498 594 Temperant
516 544 630 590 vites,
649 557 772 594 neque
792 543 982 582 Formiani

451 605 589 641 Pocula
605 605 730 642 colles.

188 719 352 751 blanditur
378 721 563 759 Maecenati,
588 720 663 752 dnm
685 722 759 754 levi-

188 766 237 797 ter
263 774 295 797 et
323 768 413 809 quasi
435 768 522 798 aliud
553 769 692 810 cogitans
724 771 759 800 in

188 814 373 844 memoriam
397 816 524 855 patroni
551 816 601 845 sui
630 823 758 846 revocat

187 859 271 890 diem
290 859 382 891 illum
401 871 465 901 quo
484 872 559 903 pop.
576 863 670 892 Rom.
685 873 757 892 eum

187 907 220 936 in
242 907 388 947 Pompeii
402 907 559 938 theatrum
582 908 757 949 ingredien-

188 959 252 983 tem
273 954 418 983 unanimi
443 954 556 995 plausu
579 961 754 995 exceperat.

187 999 378 1030 -Paterni
391 999 543 1042 fluminis
571 1012 582 1030 :
613 1001 754 1038 Tiberis,

187 1047 243 1087 qui
265 1046 282 1076 e
305 1044 441 1077 Thuseia
463 1046 554 1083 fluit,
570 1046 655 1077 unde
677 1048 755 1077 Mae-

188 1102 279 1123 cenas
295 1092 432 1123 ducebat
454 1094 621 1135 originem.
638 1110 684 1118 —-
701 1095 756 1124 Jo-

188 1149 262 1169 cosa
289 1138 443 1170 Vaticani
481 1139 588 1182 imago
607 1151 618 1170 :
639 1142 756 1171 montis

186 1186 333 1217 Vaticani
346 1186 444 1217 Echo.
460 1197 491 1217 v.
508 1185 605 1226 supra
619 1188 683 1217 XII
693 1209 701 1225 ‚
723 1193 754 1224 4.

233 1238 264 1268 4.
291 1231 457 1262 Caecubum
487 1243 498 1262 .·
527 1232 682 1264 Caecubus
709 1240 755 1264 est

186 1288 277 1308 mons
315 1279 415 1316 Latii,
434 1279 535 1319 prope
564 1279 694 1310 Fundos
724 1286 754 1310 et

185 1324 351 1366 Amyclas,
380 1325 470 1364 cujus
508 1325 611 1355 solum
642 1326 755 1366 optimi

186 1372 254 1401 viui
276 1370 364 1402 ferax
391 1370 565 1408 est‚h0dj‹'e
595 1379 686 1402 mone
714 1372 753 1402 de

189 1417 302 1448 Gae'te.
315 1418 487 1454 Calenum,
505 1416 524 1448 a
539 1418 667 1451 Calibus
677 1440 685 1455 ‚
695 1429 752 1459 op-

185 1462 262 1504 pido
292 1464 490 1506 Campaniae,
507 1465 542 1495 in
565 1466 655 1504 cujus
679 1475 753 1507 agro

184 1510 261 1540 mite
287 1521 323 1542 ac
345 1522 533 1554 generosum
554 1513 667 1542 vinum
688 1521 754 1543 nas-

185 1557 326 1589 cebatur.

233 1605 264 1635 5.
284 1606 330 1635 Tu
342 1603 424 1634 bibes
438 1615 448 1634 .·
468 1610 559 1635 tuum
579 1611 625 1635 est
644 1604 754 1635 bibere

185 1651 299 1681 eximia
311 1651 365 1681 illa
375 1651 447 1681 vina
460 1652 494 1682 in
507 1652 570 1682 tuis
584 1651 670 1681 cellis
680 1661 754 1682 con-

810 720 875 752 dita
885 745 894 760 ‚
908 732 975 755 non
993 727 1097 752 autem
1111 721 1145 750 in
1161 719 1247 750 meis.
1263 737 1310 743 —-
1322 721 1381 751 Fa-

810 768 909 800 lernoe
928 781 940 800 .·
965 767 1134 806 Falernus,
1150 777 1241 797 mons
1257 772 1289 797 et
1307 777 1379 808 ager

811 815 1007 857 Campaniae,
1041 815 1125 844 inter
1159 813 1312 844 Calenum
1348 820 1379 844 et

810 861 987 893 Sinuessam
998 884 1007 900 ,
1019 861 1108 898 cujus
1122 860 1232 890 vinum
1245 859 1279 889 in
1292 869 1375 902 mag-

809 918 853 938 no
866 915 934 939 erat
948 908 1061 950 pretio.
1071 924 1117 930 —
1127 905 1294 936 Formiani
1318 906 1380 937 col-

810 953 855 983 les
868 964 878 983 :
894 955 1028 986 Formiae
1039 975 1048 991 ,
1067 954 1265 984 Formiarum
1275 974 1284 990 ‚
1299 952 1378 983 urbs

810 1000 989 1042 Campaniae
1003 999 1089 1030 Italae
1103 998 1258 1029 maritima
1268 1021 1276 1037 ‚
1285 998 1378 1038 juxta

809 1047 965 1086 Caietam,
987 1046 1005 1077 a
1028 1048 1124 1076 Lamo
1148 1044 1306 1086 quodam,
1325 1047 1379 1076 La-

809 1103 889 1124 cone
900 1116 908 1132 ,
951 1092 1098 1130 condita3
1137 1094 1378 1133 Laestrygonum

808 1140 885 1170 olim
913 1139 1010 1171 sedes.
1035 1141 1066 1170 A
1093 1138 1254 1170 Saracenis
1274 1138 1379 1168 excisa

807 1186 888 1225 fuit,
907 1193 1014 1228 estque
1036 1195 1125 1216 nunc
1148 1185 1184 1215 in
1210 1184 1278 1223 ejus
1303 1184 1377 1215 loco

807 1243 924 1274 pagus,
956 1232 1048 1263 Mola
1086 1236 1302 1272 nuncupatus.
1331 1247 1377 1254 -·-

810 1281 1023 1320 Temperavit:
1040 1288 1149 1308 sensus
1164 1287 1172 1309 :
1187 1286 1255 1307 non
1268 1276 1376 1307 infun-

807 1325 895 1356 ditur
906 1327 941 1356 in
956 1335 1024 1356 mea
1041 1323 1156 1366 pocula
1170 1324 1283 1353 vinum
1294 1323 1311 1353 ὲ
1323 1325 1378 1354 Fa-

805 1372 902 1402 lernis
915 1372 964 1403 vel
978 1371 1152 1403 Formianis
1169 1369 1304 1401 collibus
1320 1379 1375 1400 ex-

805 1428 963 1459 pressum,
979 1417 1065 1459 quod
1088 1416 1212 1447 tardum
1230 1416 1291 1446 mei
1309 1417 1378 1446 viui

805 1475 952 1505 soporem
970 1463 1124 1495 emendet.
1147 1464 1198 1495 Sic
1218 1461 1376 1493 intellexit

806 1518 837 1542 et
855 1511 963 1553 gallice
982 1511 1078 1541 vertit
1093 1513 1174 1542 Ren.
1194 1509 1305 1546 Binet,
1319 1519 1375 1539 cu-

803 1558 865 1596 jus,
876 1563 913 1588 ut
923 1557 1097 1588 doctissimi
1106 1555 1296 1598 interpreti-¹3,
1310 1565 1376 1586 sen-

807 1605 937 1635 tentiam
961 1604 1106 1646 amplecti
1133 1604 1274 1634 securius
1297 1600 1375 1632 mihi

808 1651 910 1680 visum
926 1657 981 1681 est.
