1456 2508
197 139 262 169 214

588 132 628 172 Q,
652 129 838 162 Honxrn
860 125 1014 160 mem

349 188 516 237 Disjecta
534 198 611 223 non
624 187 700 224 leni
718 187 846 234 ruina,
1351 195 1381 219 15

405 247 562 284 Thracis
579 256 617 284 et
635 247 794 284 exitium
812 245 990 297 Lycurgi.

298 310 357 345 Tu
376 307 494 343 flectis
514 319 640 344 amnes
667 307 694 353 ⁶,
716 316 758 344 tu
776 320 880 345 mare
898 305 1106 344 barbarum
1122 318 1132 340 :

297 370 357 404 Tu
372 367 555 416 separatis
573 366 710 404 uvidus
728 366 768 403 in
781 367 882 417 jugis
900 374 914 396 7

350 425 462 463 Nodo
482 428 632 463 coerces
651 426 825 476 viperino

403 484 639 522 Bistonidum
658 485 737 522 sine
756 485 889 522 fraude
904 485 1036 522 crines.
1350 499 1381 515 zo

295 547 372 591 Tu,
390 547 476 582 cum
495 544 662 581 Parentis
683 556 798 593 regna
815 543 830 566 3
850 557 920 593 per
936 543 1097 580 arduum

298 605 444 642 Cohors
464 605 668 654 Gigantum
688 603 884 641 scanderet
901 603 1036 653 impia,

194 743 259 775 thei
272 755 283 774 .·
306 743 476 780 Pentheus,
500 753 558 773 rex
579 742 761 774 Thebarum

193 792 227 821 in
257 789 396 827 Graecia,
411 789 562 820 Echionis
584 796 615 819 et
638 790 762 830 Agaves

192 835 279 867 filius
289 859 297 875 ‚
308 834 383 867 cum
396 835 510 866 Bacchi
527 845 611 865 sacra
625 842 763 866 contem-

192 890 282 914 neret
292 905 300 921 ‚
316 881 334 912 ἐι
351 889 450 912 matre
471 889 503 911 et
517 892 624 912 sorore
635 903 644 918 ,
659 882 762 910 numi-

193 931 241 960 nis
260 929 368 959 furore
386 928 558 968 correptis,
575 927 761 957 dilaceratus

191 982 257 1013 est3
292 975 407 1005 domus
435 975 536 1014 ipsius
572 984 690 1004 eversa.
715 990 763 997 —

192 1022 268 1053 Non
284 1020 351 1051 leni
362 1018 457 1050 mind
475 1031 486 1050 :
501 1019 591 1057 alias,
612 1019 672 1050 levi
680 1030 692 1049 .·
707 1019 762 1050 sed

191 1067 290 1105 male,
303 1073 335 1097 et
349 1065 460 1097 contra
474 1067 568 1096 metri
582 1066 703 1096 Alcaici
716 1066 761 1096 le-

191 1124 256 1156 ges,
273 1131 320 1138 --
330 1111 467 1155 Lycurgi
477 1123 488 1142 .·
503 1113 647 1144 Thraciae
662 1113 742 1153 regis
751 1135 760 1150 ‚

191 1162 249 1202 qui
259 1183 267 1199 ‚
277 1159 365 1201 quod
378 1160 514 1190 Thracas
527 1160 604 1189 vino
616 1165 647 1188 et
659 1159 760 1188 ebrie-

190 1208 247 1238 tati
261 1205 385 1237 deditos
397 1205 519 1236 videret
530 1228 539 1243 ‚
557 1216 666 1235 omnes
682 1206 760 1234 vites

189 1259 260 1283 toto
281 1263 379 1293 regno
400 1251 506 1282 excidi
519 1252 627 1290 jussit.
650 1253 759 1291 Itaque

188 1298 318 1340 fingunt
331 1298 423 1328 illum
439 1297 456 1328 ὲ
470 1297 594 1328 Baccho
612 1298 646 1327 in
675 1298 760 1328 furo-

187 1356 256 1376 rem
265 1353 382 1382 actum,
389 1342 462 1375 cum
470 1346 548 1374 vites
558 1345 624 1384 ipse
631 1354 759 1384 quoque

188 1391 311 1433 arrepta
326 1392 430 1421 securi
447 1391 542 1421 vellet
555 1389 738 1420 exscindere
748 1413 756 1427 ,

187 1438 248 1468 sibi
268 1439 330 1479 ipsi
345 1448 438 1467 crura
459 1437 646 1477 suffregisse.
665 1436 759 1466 Alius

188 1484 227 1514 ab
258 1495 296 1515 eo
319 1484 381 1514 fuit
403 1485 569 1525 Lycurgus
595 1485 760 1523 Spartano-

187 1541 260 1561 rum
275 1530 445 1571 legislator.

234 1577 267 1609 6.
286 1578 334 1607 Ta
333 1576 446 1619 flectis
458 1586 570 1606 amnes
587 1587 598 1605 :
614 1581 692 1605 aestu
709 1574 756 1605 di-

187 1623 263 1653 vino
305 1629 488 1664 correptus,
523 1621 563 1652 ad
604 1621 756 1651 directam

185 1668 300 1700 Bacchi
314 1669 529 1699 laudationem
540 1667 647 1708 rapide
658 1674 756 1697 trans-

185 1716 229 1752 it;
248 1715 294 1745 sic
308 1717 399 1755 Virg.
415 1714 539 1746 AEneid.
550 1716 647 1752 VIII,
667 1715 731 1754 ²93
745 1737 753 1751 ‚

185 1760 354 1802 postqmim
377 1761 547 1791 Herculeas
575 1760 682 1790 laudes
716 1760 756 1790 ab

184 1807 364 1839 Arcadibus
374 1808 494 1837 cantari
508 1808 656 1844 narravit,
667 1806 754 1836 nullzi

185 1854 370 1884 transitione
393 1853 533 1883 adhibita
545 1876 554 1890 ‚
574 1860 605 1883 et
624 1863 680 1892 per
704 1852 752 1882 di-

186 1906 304 1930 rectam
321 1900 498 1930 orationem
522 1899 635 1940 incipit
659 1899 726 1938 ipse
743 1907 752 1929 z

190 1948 236 1977 Tu
260 1945 454 1987 nubigenas,
474 1943 606 1981 invich,
625 1943 754 1974 bimem-

187 1991 273 2029 bres,
303 1999 383 2029 εἴα,
409 1999 467 2023 etc.
492 1993 597 2032 Quem
621 1990 755 2020 canendi

187 2038 319 2070 modum
350 2038 512 2068 aemulatus
545 2044 590 2068 est
626 2047 754 2077 quoque

188 2085 381 2116 Claudianus
408 2085 442 2114 in
471 2084 590 2124 praefat.
618 2083 675 2113 lib.
704 2085 753 2120 11,

191 2132 251 2170 33,
263 2134 357 2172 Rapt.
376 2133 520 2171 Proserp.
535 2128 661 2161 Alludit
680 2129 756 2158 vero

189 2184 283 2219 poeta
298 2177 339 2207 ad
355 2178 516 2218 antiquam
537 2175 755 2213 traditionem,

191 2222 255 2265 qua
266 2223 452 2255 credebatur
463 2223 620 2261 Bacchus,
638 2221 758 2263 Hydas-

815 742 871 782 pin
890 748 922 771 et
937 743 1077 779 Omma,
1097 739 1208 782 thyrso
1225 751 1284 772 suo
1306 751 1382 772 con-

815 795 915 818 tactos
927 810 935 825 ,
952 787 1134 828 siccopede
1152 788 1319 818 transiisse.
1337 804 1383 811 --

815 836 907 864 Illare
922 833 1089 864 barbarum
1105 844 1116 863 :
1134 844 1219 864 mare
1233 833 1298 864 sive
1319 835 1385 864 Ru-

814 880 925 918 brum,
960 891 1033 918 seu,
1070 879 1156 920 quod
1183 879 1383 910 verisimilius

814 933 878 963 est,
906 936 990 956 mare
1019 925 1166 956 Indicum
1191 925 1328 967 (hodie,
1351 925 1382 955 Ie

810 971 900 1014 golse
914 972 1065 1013 Persique
1076 971 1088 1013 )
1099 995 1108 1010 ‚
1124 971 1277 1012 designat.

863 1029 893 1057 7.
914 1018 1075 1059 Sepamcis
1101 1018 1134 1048 in
1149 1017 1240 1059 jugis
1252 1028 1264 1047 :
1278 1024 1316 1048 ut
1329 1028 1382 1048 su-

814 1063 871 1105 pra
885 1073 893 1095 :
910 1064 944 1094 in
960 1065 1084 1105 rupibus
1098 1063 1236 1096 remotis.
1250 1081 1296 1088 --
1311 1063 1382 1094 Πνὶ-

814 1111 872 1140 dus
887 1122 898 1141 :
919 1121 1053 1142 uvarum
1077 1121 1174 1142 succo
1199 1110 1318 1142 ebrius.
1337 1127 1383 1134 --

814 1157 909 1188 Nodo
925 1167 1050 1188 coerces
1062 1157 1212 1197 viperino
1232 1168 1244 1188 .·
1266 1167 1383 1198 angues

812 1204 963 1234 innoxios
985 1203 1074 1245 (sine
1089 1201 1217 1244 fraude)
1239 1202 1382 1234 crinibus

813 1250 878 1279 suis
922 1250 1140 1280 immiscebant
1180 1248 1358 1280 Bistonides
1372 1271 1381 1286 ,

812 1295 846 1325 id
872 1302 919 1326 est
948 1296 1096 1326 mulieres
1118 1294 1262 1326 Thraciae
1285 1293 1382 1335 (nam

811 1342 954 1372 Bistones
963 1342 1106 1372 Thraciae
1114 1339 1277 1383 populus).
1284 1340 1382 1382 Apud

811 1388 996 1429 Euripidem
1006 1387 1164 1426 Bacchus,
1175 1386 1287 1419 Bacch.
1303 1397 1342 1418 10
1350 1397 1378 1424 1,

811 1434 872 1464 sibi
887 1436 953 1475 ipse
969 1445 1092 1465 comam
1109 1433 1309 1475 serpentibus
1321 1434 1381 1464 im-

811 1481 928 1521 plicat,
955 1487 986 1511 et
1012 1481 1050 1511 ad
1079 1482 1146 1519 ejus
1178 1479 1359 1520 exemplum
1370 1501 1379 1517 ,

811 1527 942 1557 Bacchae
952 1551 960 1565 ‚
974 1528 1040 1558 sive
1053 1526 1240 1557 Bistonides.
1250 1527 1383 1566 Serpen-

811 1580 856 1603 tes
869 1574 975 1603 autem
992 1574 1063 1604 illos
1073 1596 1082 1611 ‚
1096 1572 1136 1602 ad
1150 1579 1303 1602 terrorem
1315 1578 1383 1602 tan-

811 1618 878 1649 tum
903 1619 1088 1660 dispositos,
1113 1618 1160 1648 nil
1186 1628 1303 1648 nocere
1328 1617 1381 1648 vel

809 1666 989 1707 gerentibus
1042 1665 1092 1696 vel
1151 1664 1377 1701 tractantibus,

809 1710 896 1742 nune
904 1735 913 1749 ‚
926 1712 1142 1752 phoenomeno
1151 1711 1290 1752 vulgari,
1301 1719 1378 1740 eon-

810 1765 880 1788 stat.
897 1758 958 1789 Sed
970 1757 986 1788 ὲ
1001 1758 1111 1788 divino
1123 1756 1238 1787 Bacchi
1251 1755 1357 1787 favore
1367 1777 1376 1792 ,

808 1805 997 1834 miraculum
1006 1803 1085 1834 illud
1095 1803 1250 1843 originem
1261 1801 1376 1832 ducere

805 1851 908 1891 ignari
948 1849 1078 1888 hujusce
1109 1850 1207 1878 aetatis
1233 1847 1378 1878 homines

806 1893 1284 1936 existimabant.-—-Sineftaude
1291 1892 1377 1934 apud

803 1943 883 1981 juris
906 1943 1025 1983 peritos
1050 1942 1199 1981 frequens
1218 1938 1376 1975 formula,

806 1999 885 2030 pro,
904 1988 972 2018 sine
990 1985 1107 2028 poend,
1131 1986 1202 2017 sine
1212 1985 1374 2027 periculo,

810 2034 950 2076 impune.

853 2082 883 2112 8.
903 2078 1051 2111 Parentis
1067 2088 1167 2120 regna
1185 2088 1196 2108 :
1213 2078 1314 2110 Jovis.
1329 2093 1376 2100 —-

809 2127 873 2157 Per
893 2127 1027 2157 arduum
1044 2136 1056 2155 :
1074 2125 1202 2166 propria
1220 2134 1302 2160 vox,
1314 2122 1376 2162 qua

809 2170 946 2204 difficilis
968 2172 985 2202 ὲ
1007 2170 1087 2201 terra
1110 2170 1149 2201 ad
1167 2170 1265 2200 altum
1289 2178 1378 2199 scan-

809 2218 958 2252 dentibus
997 2227 1143 2248 aseensus
1175 2222 1313 2247 notatur.
1331 2231 1378 2238 --
