1456 2508
214 113 279 149 248

593 117 634 157 Q.
659 114 842 146 nonA‘ru
865 113 1017 146 FLAOOE

369 172 491 210 Foedis
503 201 513 218 ‚
533 180 570 209 et
589 173 762 222 exemplo
785 171 952 208 trahenti
1375 175 1405 199 1⁵
1450 158 1456 185 '3

423 231 630 268 Perniciem
645 231 798 267 veniens
817 230 856 267 in
877 242 998 267 aevum
1010 256 1023 274 ,
1454 227 1456 229 ’

318 290 358 332 Si
374 303 449 327 non
466 290 607 340 periret
623 288 903 326 immiserabilis

320 350 480 401 Captiva
498 349 630 399 pubes.
648 365 664 382 «
680 349 794 399 Signa
810 361 880 398 ego
895 346 1047 385 Punicis

374 427 389 443 «
408 409 531 446 Affixa
549 408 718 446 delubris
738 407 765 454 ⁶,
786 416 823 444 et
847 419 951 444 arma

427 484 442 500 «
459 467 644 506 Militibus
662 468 741 504 sine
760 466 879 511 caede,
900 465 1015 513 dixit,
1378 477 1408 494 ευ

325 544 339 561 οι
356 526 514 577 Dii-epta
533 526 629 575 vidi;
648 526 727 564 vidi
742 538 812 576 ego
831 525 972 562 civium

326 603 342 620 α
363 590 520 624 Retorta
539 595 644 637 tergo
661 586 818 624 brachia
836 585 975 630 libero,

377 664 392 680 α
410 651 616 697 Portasque
634 659 710 683 non
726 648 888 691 clausas,
907 654 944 682 et
962 657 1052 682 arva

431 724 446 740 «ι
466 710 589 744 Marte
603 706 675 744 coli
692 706 872 756 populata
889 712 1031 742 nostro.

327 782 343 799 α
358 769 464 803 Auro
484 779 664 816 repensus
684 765 824 803 scilicet
844 765 967 801 acrior
1378 767 1407 790 ²⁵

326 844 342 861 α
362 827 470 864 Miles
489 826 646 863 redibit!
666 825 825 875 Flagitio
847 824 984 861 additis
1002 830 1016 853 ⁷

381 903 396 920 (ι
411 889 610 924 Damnum.
626 888 758 935 Neque
778 884 931 921 amissos
947 882 1092 919 colores

435 961 451 979 «
470 948 574 983 Lana
590 943 706 981 refert
725 943 908 980 medicata
928 941 1032 988 fu003

222 1067 328 1102 posset
349 1063 384 1093 in
405 1068 566 1104 posterum
581 1060 708 1092 virtutis
729 1060 792 1091 bel-

222 1107 294 1138 licae
317 1115 348 1138 et
366 1108 525 1150 dignitatis
549 1110 699 1139 Romanae
718 1117 792 1147 per-

226 1152 336 1185 uicies.
356 1172 402 1178 —
422 1154 458 1184 Si
471 1165 536 1184 non
551 1153 671 1194 periret
692 1153 793 1183 immi-

225 1199 368 1231 serabilis
380 1212 392 1231 .·
407 1202 432 1231 si
453 1202 585 1231 Senatus
595 1222 604 1238 ,
619 1200 791 1230 miseratio-

224 1247 275 1276 nis
287 1246 420 1286 alicujus
430 1268 438 1283 ‚
451 1245 513 1286 qua
527 1245 658 1276 omnini)
670 1244 793 1286 indigni

225 1299 334 1330 erant,
350 1292 477 1323 affectui
494 1291 609 1322 cedens
620 1313 630 1329 ‚
651 1291 793 1332 captivos

227 1337 339 1369 redimi
352 1340 497 1374 sineretae,

274 1385 306 1416 6.
327 1385 429 1427 Signa
455 1394 514 1426 ego
530 1381 656 1413 Punicis
679 1380 794 1425 Affira

226 1430 362 1461 delubris
388 1441 399 1460 :
424 1431 505 1460 miro
531 1436 634 1470 poetae
660 1427 793 1458 artificio

227 1476 358 1517 obliqua
382 1477 485 1507 oratio
509 1475 548 1505 ad
565 1475 714 1505 directam
741 1484 794 1503 su-

226 1523 294 1553 bit«)
317 1523 524 1552 convertitur.
553 1522 668 1552 Omnia
691 1520 794 1550 autem

225 1570 260 1599 in
269 1578 412 1598 sermone
421 1567 535 1609 Reguli
548 1566 588 1597 ad
595 1565 795 1597 excitandam

227 1613 480 1655 indignationem
514 1614 680 1654 aptissima.
708 1611 795 1652 Quid

226 1663 378 1692 Romanae
403 1659 561 1700 superbiae
587 1658 795 1689 contumelio-

227 1717 297 1736 sum
329 1706 444 1748 magis,
465 1704 561 1746 quam
588 1703 675 1746 quod
707 1704 794 1745 signa

227 1753 368 1784 Romana
395 1751 521 1792 templis
550 1750 706 1781 Africanis
726 1760 794 1779 sus-

226 1808 342 1838 pensa,
356 1799 490 1840 ignaviae
515 1797 652 1827 militum
677 1797 734 1836 qui
759 1806 794 1825 ea

227 1843 422 1874 tradiderant
432 1843 583 1873 insultare
591 1841 795 1872 videbantur?

227 1907 273 1913 —-—
287 1889 364 1920 Sine
381 1889 489 1920 coede:
502 1888 547 1918 fas
567 1889 628 1919 fuit
642 1897 724 1918 arma
739 1897 792 1917 oc-

229 1937 301 1966 cisis
327 1936 486 1977 diripere;
508 1934 563 1965 sed
591 1933 793 1972 viventibus,

227 1982 282 2013 sed
304 1993 339 2013 ea
355 1989 387 2012 et
410 1982 560 2022 seseipsos
582 1980 667 2010 ultro
683 1979 796 2010 deden-

228 2029 331 2059 tibus!
345 2046 390 2051 -
401 2027 475 2057 Vidi
489 2037 547 2068 ego
561 2026 672 2056 civium
690 2027 795 2056 Retor-

228 2082 262 2105 ta
280 2082 368 2117 eergo
392 2072 522 2104 brachia
542 2072 660 2103 libero:
675 2082 746 2102 cum
762 2072 793 2101 vi

226 2122 342 2162 repetit
370 2119 458 2156 vidi,
491 2118 566 2149 vidi
599 2129 676 2160 ego,
706 2117 794 2158 quasi

226 2165 290 2197 tam
315 2166 502 2203 infandum,
528 2164 591 2195 tam
613 2163 792 2194 inauditum

225 2213 439 2254 spectaculum
463 2212 518 2242 vix
539 2210 634 2241 fidem
655 2210 792 2251 reperire

844 1065 947 1102 queat.
964 1056 1102 1089 Attende
1120 1054 1159 1087 ad
1177 1055 1408 1099 oppositionem

845 1106 1015 1136 verborum
1045 1113 1053 1135 :
1086 1102 1166 1134 cives
1190 1101 1324 1144 appellat
1352 1102 1408 1142 qui

843 1152 1039 1188 libertatem,
1064 1150 1248 1191 primarium
1275 1148 1409 1178 civitatis

844 1200 996 1230 Romanae
1016 1197 1067 1235 jus
1089 1196 1279 1232 amisemn23
1293 1193 1409 1224 insistit

844 1245 879 1274 in
902 1254 939 1273 eo
950 1266 958 1281 ‚
974 1241 1052 1272 dum
1067 1241 1196 1271 brachia
1211 1246 1346 1271 ostentat
1367 1239 1409 1269 ci-

845 1289 926 1320 vium
944 1288 1072 1318 illorum
1084 1310 1092 1324 ‚
1109 1294 1243 1323 retorta,
1263 1296 1328 1327 qno
1342 1295 1409 1316 ver-

844 1335 888 1366 bo
901 1334 995 1364 dolor
1007 1340 1039 1364 et
1051 1333 1199 1364 violentia
1211 1332 1411 1373 exprimitur,

846 1381 977 1411 funibus
996 1380 1119 1421 alligata
1136 1378 1176 1409 ad
1198 1386 1318 1420 tergum
1334 1376 1409 1407 libe-

846 1438 933 1463 rum,
951 1425 985 1456 id
1003 1432 1067 1463 est,
1082 1424 1168 1466 quod
1180 1421 1345 1465 nunquam
1357 1423 1410 1453 tali

846 1472 1021 1514 opprobrio
1031 1493 1039 1509 ,
1052 1471 1176 1501 infamis
1194 1470 1352 1500 servitutis
1364 1469 1410 1499 in-

848 1519 932 1549 dicio
942 1540 951 1555 ‚
967 1518 1085 1558 exponi
1101 1516 1268 1547 debuisset.
1281 1532 1327 1539 —
1337 1517 1410 1545 Por-

848 1572 958 1605 tasque
977 1574 1041 1593 non
1064 1563 1191 1592 clausas
1210 1573 1222 1591 .·
1235 1561 1410 1592 securitatis

846 1612 971 1652 signum
981 1632 989 1647 ‚
1004 1619 1099 1650 quam
1113 1609 1180 1638 sine
1193 1608 1328 1638 militum
1342 1617 1411 1638 nos·-

848 1663 969 1687 trorum
987 1653 1111 1697 ignavia
1121 1676 1130 1692 ,
1143 1653 1410 1695 Carthaginienses

847 1701 1010 1744 nunquam
1039 1701 1162 1742 experti
1199 1700 1339 1730 fuissent.
1363 1713 1410 1722 —-

847 1750 932 1779 Arva
950 1746 1014 1778 coli
1024 1758 1036 1778 .·
1051 1747 1200 1778 Punicam
1213 1745 1409 1776 securitatem

846 1795 942 1836 magis
970 1804 1005 1823 ae
1034 1793 1129 1834 magis
1166 1793 1276 1834 signat.
1307 1792 1410 1822 Portae

846 1847 978 1881 apertae,
1006 1840 1034 1870 si
1065 1838 1206 1869 subitum
1233 1836 1409 1879 periculum

845 1887 971 1928 ingruat
979 1908 987 1922 ,
1000 1885 1107 1915 subito
1119 1883 1326 1920 clauduntur3
1339 1892 1409 1912 arva

845 1943 912 1963 non
939 1932 1105 1967 coluntur,
1127 1930 1188 1960 nisi
1214 1939 1286 1959 cnm
1315 1926 1409 1969 longa

846 1989 901 2019 spe
927 1976 1161 2017 tranquillitatis
1187 1982 1219 2006 et
1233 1975 1347 2005 futurae
1361 1983 1407 2003 se-

846 2025 924 2066 getis
942 2022 1170 2064 recolligeudae.

895 2082 925 2110 7.
940 2068 1081 2111 Flagieiq
1098 2065 1216 2098 addicis
1231 2066 1382 2096 damnum
1398 2075 1408 2094 .·

845 2115 1075 2157 turpitudinem
1098 2114 1258 2155 publicam
1279 2111 1409 2153 publico

844 2162 970 2200 damno,
980 2163 1045 2191 auri
1058 2160 1177 2191 scilicet
1191 2168 1231 2190 ex
1239 2157 1348 2188 aerario
1357 2156 1410 2186 de-

843 2209 981 2250 prompti
989 2205 1108 2247 jnctura
1124 2203 1415 2237 cumulatis—Ne-
