1456 2508
238 75 244 98 1

231 154 244 174 ι
253 144 294 174 30
609 145 650 184 Q.
675 143 859 175 nomm
882 141 1034 174 FLAccr

224 273 1415 288 mmmmmmmmssssmmmmmmmmffl

327 446 476 503 ODE
521 446 948 505 TRIGESIMA
992 447 1291 521 QUINTA

584 619 668 661 AD
701 620 734 661 F
738 619 1052 664 ORTUNAM.

223 756 323 786 Anno
350 757 387 787 U.
410 755 443 787 C.
463 756 545 796 726,
574 757 644 787 eccm
665 758 826 798 Augustus
841 758 903 788 duo
927 758 1011 789 bella
1032 766 1183 800 pararet,
1213 760 1348 791 alterum
1372 760 1406 791 in

269 810 455 850 Britannos,
465 811 612 842 adversus
626 823 704 852 quos
715 812 781 853 ipse
790 813 936 843 ducturus
946 821 1016 844 erac
1029 812 1214 851 exercitum,
1225 814 1360 844 alterum
1374 814 1406 844 in

269 864 426 895 Arabiam
438 888 447 904 ,
461 865 555 896 ductu
574 865 657 896 AElii
670 866 761 896 Galli
776 867 952 908 gerendum
963 891 971 904 ‚
983 866 1113 908 faustas
1130 866 1190 897 has
1204 867 1323 908 populo
1342 869 1404 899 Ro-

269 928 366 948 mano
380 917 598 959 expediciones
606 927 830 960 apprecatums
839 928 939 961 poeta
948 943 958 957 ,
969 927 1049 950 vota
1068 919 1101 950 ἰη
1114 930 1227 961 preces
1241 920 1404 957 convertit,

268 983 308 1003 ac
321 974 470 1004 Fortuna:
482 984 543 1015 pro
560 974 698 1015 Augusti
709 973 928 1016 exercitlls-que
946 974 1165 1005 incolumitate
1178 974 1345 1016 supplicat.

265 1069 353 1103 Nihil
372 1076 418 1100 est
432 1068 519 1112 quod
537 1069 612 1100 huic
629 1071 739 1102 Horat.
763 1069 894 1100 carmini
912 1070 1091 1101 conferatur
1111 1070 1172 1102 ode
1186 1071 1295 1112 gallica
1306 1093 1315 1109 ‚
1331 1074 1410 1103 Rus-

221 1123 275 1154 saei
300 1134 382 1165 opus
407 1123 536 1165 quidem
558 1125 731 1162 eximium,
746 1124 800 1155 sed
824 1123 949 1155 diverso
972 1122 1102 1165 prorsus
1125 1124 1257 1156 consilio
1283 1135 1410 1167 compo-

219 1180 330 1217 situm,
349 1189 408 1209 nec
431 1177 604 1220 quidquam
627 1189 794 1210 commune
810 1179 929 1209 habens
950 1189 1024 1209 cum
1040 1179 1151 1210 Latino
1173 1180 1328 1218 carmine,
1347 1181 1408 1211 nisi

219 1233 360 1265 titulum.
375 1235 538 1266 Romanus
551 1240 635 1264 vates
645 1257 654 1272 ,
667 1235 722 1275 pio
736 1233 844 1264 afflatu
855 1235 1025 1265 instinctus
1035 1256 1044 1271 ,
1057 1232 1146 1264 deam
1162 1234 1410 1274 potentissimam

218 1288 366 1326 invocat,
381 1298 454 1329 quae
479 1287 563 1328 apud
588 1294 706 1318 veteres
719 1309 727 1325 ,
750 1287 811 1317 alio
834 1288 983 1326 nomine,
999 1288 1111 1318 Fatum
1131 1288 1183 1318 vel
1207 1287 1408 1320 Providentia

219 1343 445 1385 appellabatur.
463 1345 558 1373 Poeta
573 1342 714 1373 Gallicus
725 1365 733 1380 ,
750 1342 790 1373 ad
805 1342 939 1372 eticham
961 1348 1119 1384 spectans,
1138 1353 1304 1383 personam
1323 1345 1408 1374 mere

217 1397 414 1440 allegoricam
428 1397 613 1439 alloquitur,
628 1395 724 1439 quam
735 1396 831 1438 vulgo
844 1398 966 1428 Sortem
977 1395 989 1438 (
1000 1397 1029 1428 Ie
1037 1395 1184 1438 Hasard)
1194 1396 1405 1428 nominamus.

321 1509 355 1545 Ο
373 1509 492 1552 Dm,
511 1515 658 1556 gratum
678 1518 762 1555 quae
785 1506 882 1555 regis
902 1504 1057 1542 Antium
1077 1513 1102 1551 ²,

320 1569 487 1604 Praesens
506 1565 565 1602 vel
584 1565 660 1601 imo
682 1565 813 1601 tollere
833 1564 880 1601 de
901 1563 1019 1614 gradu

370 1626 533 1663 Mortale
552 1637 708 1674 corpus,
727 1624 787 1661 vel
806 1623 991 1674 superbos

423 1688 580 1723 Vertere
600 1684 797 1722 funeribus
816 1683 1029 1733 triumphos
1046 1698 1053 1718 ι

316 1747 370 1783 Te
390 1758 536 1795 pauper
555 1744 673 1782 ambit
691 1752 704 1766 ²
723 1744 882 1781 sollicitat
902 1756 1015 1794 prece
1392 1752 1406 1775 5

261 1874 288 1894 1.
316 1863 451 1893 Antium
470 1874 481 1892 :
508 1861 584 1892 urbs
613 1862 648 1892 in
675 1862 782 1892 littore

209 1909 396 1952 Tyrrheno,
421 1908 515 1939 hodie
558 1908 683 1944 Anzio,
715 1918 782 1938 non

207 1955 323 1997 procul
358 1954 461 1994 Ostia,
489 1955 565 1985 olim
593 1955 782 1984 Volscorum

207 2008 321 2044 caput,
337 2003 372 2033 in
389 2000 451 2043 qua
465 2000 618 2042 templum
634 2002 783 2031 Fortunae

207 2055 424 2080 consecratum
442 2054 526 2085 erat,
541 2046 683 2088 illudque
700 2047 781 2077 cele-

207 2094 393 2131 berrimum.
420 2113 462 2118 —
492 2094 625 2123 Gratum
653 2103 665 2122 .·
690 2092 779 2133 quod

207 2142 308 2173 amico
326 2141 418 2172 vultu
436 2140 582 2181 respicis,
599 2138 688 2180 quod
703 2149 777 2180 pro-

204 2189 302 2229 tegis,
332 2187 419 2229 quod
446 2196 530 2216 amas
556 2186 702 2216 invisere.
732 2202 778 2208 —-

206 2235 353 2265 Praesens
379 2233 490 2264 tollere
516 2243 526 2262 :
554 2232 777 2270 Hellenismus;

834 1862 925 1900 cujus
949 1871 984 1890 ea
1006 1865 1053 1890 est
1077 1864 1231 1900 potestas,
1251 1865 1287 1889 nt
1305 1859 1404 1890 tollas.

833 1925 880 1931 ——
900 1906 1039 1937 Mortale
1068 1915 1178 1945 corpus
1205 1916 1216 1935 :
1244 1905 1405 1936 hominem

834 1953 1027 1994 quemlibet3
1041 1951 1122 1981 hano
1138 1961 1247 1982 vocem
1257 1973 1266 1990 ,
1276 1962 1388 1993 corpus
1397 1975 1405 1989 ‚

834 2000 919 2030 recte
947 1998 1094 2036 adhibet,
1117 2007 1188 2038 quae
1214 1998 1406 2039 metaphorae

835 2046 986 2076 convenit
996 2056 1004 2083 ;
1016 2054 1151 2085 corpora
1160 2045 1244 2074 enim
1260 2044 1324 2075 sola
1337 2045 1407 2075 tolli

833 2098 985 2132 possunt,
1010 2098 1041 2122 et
1067 2090 1105 2120 de
1138 2089 1237 2131 gradu
1263 2091 1405 2121 inferiori

831 2137 870 2167 ad
884 2138 1079 2178 superiorem
1095 2135 1196 2166 evehi.

879 2194 909 2214 2.
925 2185 968 2214 Te
982 2193 1110 2224 pauper
1127 2182 1228 2213 ambit
1240 2194 1252 2214 :
1270 2189 1298 2213 te
1311 2183 1405 2212 enixe

829 2236 976 2270 precatur
987 2237 1023 2261 ut
1032 2240 1118 2261 suam
1128 2235 1345 2271 paupertatem
1359 2228 1404 2258 le·
