1404 2482
448 116 528 149 Lm.
553 90 716 147 111'01313
739 115 882 148 xxvn.

1211 119 1276 149 325

167 176 229 215 Sis
247 175 336 214 licet
351 174 443 212 felix
455 203 466 223 ,
485 173 723 225 ubicumque
736 176 856 214 mavis
875 177 903 224 4,

166 239 215 275 Et
233 249 383 274 memor
397 232 730 283 nostd,‘Galatea,
745 236 871 275 vivas!

165 300 300 349 Teque
312 310 383 335 nec
401 297 518 334 laevus
533 303 637 334 vetet
654 295 712 334 ire
731 297 869 348 picus,¹
1246 308 1276 331 15

351 361 433 396 Nec
450 371 548 409 vaga
560 353 715 396 ⁷cornix.

165 420 242 461 Sed
263 418 279 444 ⁵
297 419 405 458 vides
427 428 572 470 quanto
590 419 759 470 trepidet
779 419 947 457 tumultu

164 485 314 521 Pronus
333 481 482 520 Orion?
499 483 600 531 Ego,
620 480 714 531 quid
733 481 782 518 sit
800 490 884 518 ater

163 542 322 582 Hadriae
338 542 432 581 novi
448 542 576 589 sinus,
597 550 635 579 et
653 541 749 591 quid
769 540 879 579 albus

348 606 484 642 Peccet
503 603 626 654 Iapix.

1245 621 1276 638 20

162 665 343 704 Hostium
361 677 504 702 uxores
522 663 713 715 puerique
734 663 762 710 ⁶,
777 676 897 702 caecos

165 726 345 764 Sentiant
363 734 492 763 motus
511 725 671 762 orientis
690 724 843 772 Austri,
863 732 902 761 et

160 786 342 838 AEquoris
361 786 463 836 nigri
482 785 675 823 fremitum
688 814 698 832 ‚
722 793 760 822 et
779 793 983 823 trementes

346 846 520 885 Verbere
539 846 655 897 ripas.

162 908 225 948 Sic
244 917 258 940 ⁷
276 917 315 947 et
331 910 488 960 Europe
506 907 663 945 niveum
684 906 819 945 doloso

105 1075 136 1106 4.
155 1067 206 1099 Sis
231 1067 309 1100 licet
323 1067 418 1111 filix
449 1066 638 1108 ubicumque

57 1113 157 1147 ma‘vis
187 1127 200 1146 :
231 1115 301 1146 haec
333 1114 352 1145 a
380 1114 636 1156 praecedentibus

55 1162 210 1205 pendent.
229 1162 320 1195 Nihil
343 1173 413 1194 non
435 1162 574 1199 tentavi,
588 1162 636 1192 in-

52 1211 124 1253 quit
149 1210 323 1248 Horatius,
339 1216 377 1240 ut
400 1209 462 1240 tibi
485 1207 631 1250 proficis-

51 1258 140 1291 eaeti
150 1257 230 1288 felix
241 1257 416 1299 augurium
429 1255 626 1294 obtinerem3

50 1302 140 1336 nuuc
151 1314 257 1335 unum
270 1302 351 1334 mihi
368 1302 548 1345 optandum
571 1313 626 1334 su-

49 1359 173 1395 perest,
185 1358 239 1390 ut,
262 1349 337 1381 cum
363 1349 382 1381 ὲ
404 1362 456 1382 me
474 1350 625 1381 recedere

48 1399 110 1431 tibi
122 1397 253 1430 demum
262 1398 476 1429 constitutum
486 1398 527 1428 sit
537 1420 546 1436 ,
557 1409 626 1429 non

48 1457 102 1478 me
122 1445 210 1477 fauat
232 1453 420 1488 susceptum
448 1456 565 1484 omen,
592 1452 625 1476 et

46 1494 246 1535 ubicumque
266 1492 373 1524 sedem
387 1499 475 1523 tuam
491 1491 622 1531 fixeris,

44 1541 94 1573 ih}
113 1540 278 1572 fortunata
300 1547 333 1571 et
354 1538 417 1570 mei
433 1550 556 1571 memor
574 1541 622 1570 vi-

45 1582 170 1620 va³.—
186 1589 293 1629 Teque
318 1599 379 1618 nec
402 1587 500 1619 Iaevus
530 1594 624 1618 vetet

45 1635 93 1666 im
116 1633 207 1676 picus
231 1645 244 1665 .·
273 1645 381 1676 neque
409 1635 498 1665 ullus
525 1636 620 1676 picus

43 1681 98 1725 (Ie
109 1680 236 1724 piven)
260 1681 280 1713 ὸ
299 1680 379 1712 Ῑωνὲι
411 1682 543 1721 volans,
563 1689 621 1713 aut

43 1730 148 1772 aliqua
168 1728 284 1760 corni-z·
308 1736 444 1771 vagans
463 1730 583 1771 pariter
600 1728 619 1759 ὲ

42 1775 142 1816 lavi,
165 1786 358 1818 prosperum
391 1777 562 1818 augurium
582 1777 618 1806 in

43 1823 163 1855 malum
179 1829 356 1855 convertat.

92 1871 124 1910 5,
155 1869 223 1901 Sed
246 1882 260 1901 .·
281 1881 340 1912 per
363 1871 616 1908 correctionem,

43 1927 233 1950 conoessum
269 1918 409 1950 Galateae
444 1918 618 1960 navigandi

43 1965 215 1998 arbitrium
249 1971 410 1997 retractat.
446 1965 537 2007 Quid
575 1965 615 1996 de

42 2013 213 2055 auspiciis,
230 2011 271 2043 de
297 2012 462 2044 ominibus
476 2013 615 2054 loquor?

41 2059 259 2102 Quantumvis
271 2070 424 2102 prospera
441 2060 526 2098 sint,
539 2060 616 2091 nul-

39 2108 104 2140 lam
122 2107 190 2138 vim
203 2105 321 2138 huben-e
333 2113 470 2150 possunt
493 2106 533 2137 ad
555 2108 618 2138 evi-

40 2154 136 2187 tanda
168 2163 243 2195 quae
270 2154 332 2185 tibi
358 2154 375 2185 ὲ
404 2153 560 2185 fluctibus
586 2162 620 2186 et

27 2202 147 2246 ¹ventis
159 2201 332 2232 imminent
349 2201 504 2243 pericula.
519 2201 619 2233 Vides

39 2249 161 2282 etenim
179 2255 318 2290 quantos
331 2248 491 2280 tumultus
500 2250 620 2284 excitet

165 2303 199 2340 1.

692 1067 796 1099 Orion
807 1091 816 1106 ,
829 1068 866 1098 iu
875 1066 998 1098 devexit
1010 1068 1084 1099 coeli
1097 1076 1186 1110 parte
1201 1070 1267 1110 jam

691 1116 906 1153 constitutus,
922 1122 954 1145 et
979 1115 1019 1146 ad
1042 1125 1192 1147 occasum
1207 1125 1268 1148 tre-

684 1161 822 1202 pidans,
846 1161 881 1192 id
910 1169 973 1200 est,
996 1162 1159 1196 festinans.
1180 1164 1265 1196 Vide

686 1209 804 1250 supra,
839 1208 902 1240 Od.
947 1211 979 1247 1,
1012 1210 1076 1247 28,
1102 1220 1172 1242 21:
1207 1213 1263 1242 Me

682 1267 811 1297 quoque
840 1256 959 1287 devexi
987 1257 1121 1298 rapidus
1155 1268 1263 1289 comes

684 1303 811 1334 Orionis
822 1315 835 1340 ;
849 1310 881 1334 et
893 1303 994 1342 infra,
1011 1304 1116 1346 Epod.
1136 1306 1178 1335 15
1188 1328 1197 1344 ,
1216 1317 1231 1345 7
1251 1317 1263 1337 .·

679 1351 800 1382 Nautis
833 1351 968 1394 infiestus
1007 1351 1119 1384 Orion.
1145 1369 1191 1376 ——
1217 1354 1264 1384 Et

679 1398 763 1440 quid
784 1398 877 1429 albus
901 1406 1015 1439 peccet
1047 1399 1147 1440 Iapi.r
1173 1411 1186 1430 .·
1229 1409 1262 1431 et

679 1445 778 1486 quam
802 1443 947 1487 perfidus
971 1447 1031 1483 sit,
1047 1454 1164 1477 ventus
1186 1447 1260 1486 ille,

678 1493 773 1534 Iapix
783 1516 792 1531 ‚
810 1504 906 1534 quem
926 1492 1036 1523 album
1045 1516 1057 1531 ,
1078 1493 1112 1523 id
1126 1501 1192 1532 est,
1207 1505 1259 1525 ua-

678 1540 865 1581 vigautibus
882 1541 1062 1582 propitium
1086 1541 1185 1582 vulgo
1211 1552 1263 1572 re-

674 1594 801 1629 putant.
814 1589 927 1619 Peccat
940 1586 1040 1629 igitur
1049 1611 1058 1626 ‚
1071 1586 1146 1618 eum
1157 1587 1257 1619 fidem

673 1635 771 1666 fallat.

721 1682 753 1713 6.
770 1681 919 1712 Hostium
935 1693 1054 1713 uxores
1066 1682 1226 1724 puerique
1242 1695 1254 1714 .-

674 1730 830 1760 usitatum
856 1736 923 1760 erat
953 1729 1040 1771 apud
1070 1732 1234 1762 Romanos
1245 1754 1253 1769 ‚

671 1775 840 1815 hostibus,
857 1777 926 1814 vel,
942 1777 1031 1818 quod
1048 1776 1136 1809 idem
1153 1778 1255 1817 valet,

670 1822 817 1854 hostium
842 1823 1036 1868 conjugibus
1063 1826 1253 1865 imprecari,

672 1881 744 1912 quae
772 1870 789 1901 a
817 1882 850 1902 se
874 1871 952 1912 ipsis
979 1870 1248 1914 deprecabantur.

671 1915 725 1948 Da*
749 1918 886 1949 meliora
922 1917 1003 1959 piis,
1046 1929 1250 1960 erroremque

670 1964 810 1996 hostibus
820 1966 911 1996 illum
923 1967 938 1995 Ι
952 1966 1044 2007 Virg.
1056 1966 1175 2008 Georg.
1188 1968 1249 2005 111,

672 2013 752 2044 513.
768 2030 814 2036 —
846 2014 893 2043 Ec
910 2020 1082 2043 crementes
1110 2013 1248 2046 Verbere

670 2059 758 2101 ripas
770 2071 781 2091 :
797 2067 828 2091 et
848 2060 959 2091 littora
981 2058 1136 2091 fluctibns
1155 2059 1195 2090 ad
1213 2071 1248 2091 ea

671 2107 767 2142 allisis
782 2117 948 2139 concussa.

721 2166 753 2194 7.
767 2154 840 2186 Sic:
858 2165 950 2193 cave,
963 2153 1108 2191 Galatea,
1123 2164 1165 2186 ne
1179 2165 1249 2186 oos-

672 2199 747 2233 dem
769 2203 899 2233 timores
923 2201 1105 2242 concipias,
1135 2201 1250 2233 iisdem

673 2248 840 2281 desideriis
864 2248 972 2281 medio
990 2248 1026 2280 in
1041 2248 1123 2279 mari
1145 2250 1252 2292 exagi-

1078 2301 1125 2338 28
