1456 2508
231 113 295 148 262

611 115 651 155 Q.
676 112 862 145 nom'rn
885 112 1036 146 rmum
1087 143 1091 147 .

333 173 453 209 Docte
471 182 661 208 sermones
673 170 870 220 utriusque
885 170 1024 221 linguae
1042 177 1069 207 ².
1397 182 1412 206 ⁵

333 233 522 268 Voveram
541 230 668 268 dulces
683 230 811 280 epulas
828 229 855 276 3,
875 239 912 267 et
927 229 1055 268 album

333 290 474 328 Libero
488 303 644 341 caprum
655 318 666 337 ,
681 291 802 341 prope
821 290 1013 328 funeratus

537 349 697 387 Arboris
712 349 802 387 ictu.

333 410 405 448 Hic
423 409 502 447 dies
514 439 524 457 ,
539 423 637 448 anno
656 410 855 456 redeunte,
869 408 984 447 festus

333 469 520 507 Corticem
536 470 757 507 adstrictum
773 469 856 519 pice
876 467 1085 506 dimovebit
1383 487 1412 503 ιο

332 529 535 580 Amphorae
547 557 557 575 ‚
577 529 721 566 fumum
739 528 872 566 bibere
891 528 1070 567 institutae

539 588 700 625 Consule
714 588 836 625 Tullo.

333 649 469 693 Sume,
489 651 695 694 Maecenas,
714 647 869 698 cyathos
888 647 997 685 amici

332 707 491 757 Sospitis
507 717 657 745 centum
673 707 701 754 5,
721 716 757 744 et
775 708 905 757 vigiles
923 707 1095 744 lucernas

330 767 460 805 Perfer
476 767 516 804 in
532 767 678 814 lucem;
698 769 831 818 procul
853 767 974 806 omnis
994 776 1074 805 esto
1352 771 1356 779 “
1381 777 1411 801 15

535 829 687 866 Clamor
705 837 742 866 et
758 828 814 866 ira
831 831 840 865 !

273 968 306 989 α.
326 959 427 989 Docte
452 968 612 989 sermones
633 958 792 1000 utriusque
834 957 963 999 sianum
985 957 1086 988 bibere
1103 969 1113 988 .·
1136 967 1207 999 quae
1218 958 1254 988 in
1274 956 1351 988 cella
1365 960 1413 989 vi-

225 1004 346 1046 Iinguae
363 1015 375 1035 :
393 1005 450 1045 qui
474 1004 593 1035 litteras
611 1006 735 1035 Graecas
761 1011 792 1035 et

225 1052 382 1082 Romanas
396 1051 483 1092 aeque
494 1058 596 1089 tenes;
615 1052 669 1092 qui
679 1052 794 1081 utrius-

225 1106 287 1137 que
307 1097 420 1138 populi
442 1098 678 1138 antiquitatem,
693 1097 790 1127 histo-

225 1143 287 1173 rias
299 1165 308 1180 ,
321 1143 401 1173 ritus
414 1148 446 1172 et
458 1152 560 1181 sacra,
578 1154 650 1173 cum
664 1143 792 1173 illorum

226 1189 326 1218 causis
343 1195 374 1219 et
387 1188 573 1230 originibus,
590 1189 711 1230 egregie
723 1199 793 1229 per-

225 1241 330 1275 specta
341 1234 452 1272 babes,
472 1234 558 1264 uude
572 1235 617 1264 nil
631 1233 737 1264 forsan
753 1235 788 1264 ti-

224 1279 260 1310 bi
269 1280 410 1310 innotuit
420 1279 478 1310 cur
485 1281 534 1310 vir
547 1281 669 1318 caelebs,
681 1280 792 1310 eodem

222 1326 293 1366 ipso
302 1325 363 1364 die,
374 1327 439 1357 sive
450 1327 590 1364 Graecus,
601 1327 666 1357 sive
677 1329 792 1357 Roma-

224 1381 285 1402 nus
305 1372 364 1408 sit,
383 1371 458 1402 festa
475 1372 625 1403 solemnia
644 1372 791 1403 celebret.

273 1418 304 1448 3.
339 1419 367 1447 V
368 1429 491 1448 overam
521 1418 628 1448 dulces
655 1419 765 1459 epulas
779 1429 790 1448 .·

221 1463 387 1504 specialem
399 1474 465 1494 suae
479 1464 596 1495 laetitiae
610 1475 733 1494 causam
749 1471 792 1494 at-

221 1510 325 1550 tingit.
339 1510 503 1540 ——Album
519 1509 627 1540 Libero
642 1521 790 1550 caprum:

222 1553 330 1586 album
341 1578 350 1593 ‚
368 1557 403 1586 in
420 1556 536 1586 laetitiae
556 1558 691 1597 signum.
712 1558 788 1587 Por-

221 1602 258 1631 ro
267 1612 382 1642 caper,
397 1609 434 1632 ut
448 1603 548 1632 vineis
558 1604 692 1637 noxius,
709 1604 789 1631 Bac·

221 1646 279 1678 cho
298 1647 441 1678 omnibus
457 1648 521 1678 aris
539 1648 680 1685 caeditur,
697 1649 787 1689 Virg.

222 1694 339 1736 Georg.
358 1695 407 1731 11,
422 1695 498 1725 380.
522 1695 646 1735 Agnam
663 1703 791 1735 quoque

221 1740 346 1776 Fauno,
358 1737 408 1770 'ut
429 1751 575 1782 agrorum
600 1747 631 1770 et
648 1742 790 1770 virorum

222 1787 389 1827 agrestium
400 1786 534 1824 custodi,
547 1793 688 1824 voverat,
700 1796 787 1827 supr.

221 1831 283 1863 Od.
301 1833 333 1862 11
343 1853 353 1869 ‚
378 1843 414 1870 17
427 1854 436 1869 ‚
453 1833 506 1863 32.

268 1883 300 1914 4.
326 1877 478 1908 corticem
513 1876 697 1907 adstrictum
715 1877 788 1918 pice

220 1922 391 1954 dimovebit
401 1934 411 1953 .·
425 1933 461 1954 os
476 1923 634 1964 amphorae
645 1945 653 1959 ,
671 1925 788 1953 cortice

220 1969 271 1999 vel
294 1968 409 2000 subere
439 1969 658 2010 superposito,
680 1969 786 1999 occlu-

221 2013 373 2053 debatur,
386 2026 480 2056 qucm
502 2016 571 2056 pice
595 2021 647 2044 aut
665 2014 766 2044 resina
777 2037 785 2052 ‚

220 2069 262 2092 ne
287 2061 370 2092 forte
400 2059 522 2091 facilius
549 2060 784 2098 extraheretur,

220 2113 275 2137 aut
298 2107 408 2149 suapte
433 2107 611 2144 excideret,
629 2106 788 2136 cii-„cumli-

216 2153 336 2184 nebant
346 2165 354 2191 ;
365 2164 458 2195 quem
468 2163 588 2184 morem
602 2152 696 2183 hodie
711 2162 790 2193 quo-

218 2209 281 2240 que
326 2201 525 2231 retinuimus.
554 2217 599 2222 —-
633 2198 789 2229 Institutae

843 1004 931 1035 nari-¹¹⁴1
946 1003 1055 1035 edocta
1069 1011 1132 1043 est,
1148 1003 1277 1042 didicit,
1287 1003 1409 1035 fumum

844 1050 1031 1082 imbibenda
1037 1073 1046 1088 ,
1057 1051 1267 1081 maturitatem
1276 1049 1409 1089 trahere,

845 1097 923 1128 Satis
938 1103 1051 1127 notum
1066 1102 1113 1127 est
1126 1097 1194 1127 vini
1210 1095 1377 1137 apothecas
1392 1096 1409 1127 εὶ

847 1142 1005 1173 veteribus
1024 1143 1211 1173 constitutas
1227 1152 1292 1172 esse
1304 1143 1340 1172 in
1356 1152 1409 1172 sn-

844 1190 970 1229 periore
989 1188 1105 1218 aedium
1123 1195 1211 1229 parte
1234 1187 1321 1218 fumo
1341 1198 1411 1228 per-

808 1242 812 1246 ·
844 1233 894 1264 via
905 1245 914 1273 ;
925 1233 960 1264 eti
973 1234 1077 1265 autem
1087 1235 1208 1264 ratione
1217 1233 1328 1264 vinum
1339 1243 1411 1264 con-

845 1282 941 1321 coqui
954 1302 962 1319 ,
979 1287 1011 1311 et
1028 1279 1122 1310 citius
1134 1279 1174 1310 ad
1183 1281 1299 1319 iustam
1311 1278 1411 1310 ausci-

844 1327 922 1357 titiae
941 1327 1105 1357 vetustatis
1128 1335 1272 1367 saporem
1299 1335 1408 1366 perve-

844 1373 924 1404 nire.
942 1372 1025 1404 Vide
1041 1371 1207 1404 Columell.
1223 1370 1262 1402 de
1276 1372 1323 1402 Re
1332 1373 1410 1402 Rus-

843 1419 898 1449 tic.
914 1421 949 1456 1,
965 1419 1005 1456 6,
1022 1428 1076 1449 20.
1089 1434 1135 1442 —
1147 1417 1282 1448 Consule
1298 1416 1389 1448 Tullo
1400 1429 1412 1447 .-

843 1466 877 1496 L.
908 1464 1082 1495 Vulcanius
1117 1463 1230 1495 Tullus
1269 1461 1408 1503 primum

843 1510 954 1541 consul
968 1509 1029 1540 fuit
1043 1519 1128 1539 anno
1141 1510 1182 1540 U.
1199 1508 1235 1539 C.
1251 1508 1317 1539 688
1330 1519 1339 1547 ;
1355 1509 1410 1551 ite-

842 1555 913 1586 rum
923 1578 931 1594 ,
949 1566 965 1593 7
973 1566 990 1584 2
998 1566 1011 1585 ι
1018 1579 1025 1586 ,
1034 1557 1110 1586 Haec
1119 1554 1224 1584 autem
1233 1553 1301 1586 Ode
1313 1555 1410 1596 scrip-

842 1609 873 1631 ta
900 1601 979 1638 suit,
1016 1602 1092 1640 734.
1117 1599 1283 1631 Tredecim
1312 1599 1409 1642 igitur

843 1657 999 1678 annorum
1015 1653 1080 1677 erat
1095 1646 1221 1677 Horatii
1235 1647 1364 1684 viuum,
1383 1648 1410 1677 si

842 1693 860 1724 a
887 1692 1027 1723 secundo
1052 1692 1138 1724 Tulli
1165 1691 1349 1730 consulatu,
1373 1700 1409 1724 ut

843 1739 1040 1780 probabilius
1058 1745 1120 1776 est,
1134 1738 1370 1769 inscriberetur.

890 1786 920 1816 5.
939 1783 1078 1824 Cyaehos
1095 1783 1192 1814 amici
1202 1783 1325 1825 sospitis
1339 1794 1408 1814 cen-

840 1838 905 1861 tum
924 1842 936 1860 .·
961 1830 1096 1867 centies,
1115 1829 1148 1860 h.
1173 1840 1200 1861 e.
1229 1829 1406 1868 multoties,

839 1877 874 1906 in
886 1877 1041 1906 honorem
1053 1876 1168 1906 servati
1183 1876 1274 1906 amici
1290 1875 1408 1907 exhau-

841 1922 987 1960 riendos3
1018 1931 1170 1952 uumerus
1204 1920 1336 1960 finitus,
1371 1929 1407 1951 nt

839 1967 1042 2009 plerumque,
1073 1977 1133 2008 pro
1167 1965 1346 1998 indefinito.
1360 1984 1406 1991 —-

842 2016 870 2043 V
871 2014 960 2056 {giles
970 2014 1115 2044 lucernas
1123 2012 1236 2055 Perfer
1243 2012 1276 2043 in
1286 2013 1386 2044 lucem
1394 2024 1405 2043 :

841 2061 994 2100 exquisita
1019 2066 1051 2090 et
1071 2059 1296 2100 elegantissima
1321 2060 1405 2100 peri—

840 2106 961 2147 phrasis
984 2116 1044 2147 pro
1064 2105 1120 2136 illo
1141 2105 1264 2147 vulgari
1284 2111 1316 2136 et
1331 2105 1404 2135 sim-

840 2152 933 2194 plici,
940 2162 1002 2192 per
1012 2158 1111 2183 totam
1130 2158 1253 2182 noctem
1267 2149 1344 2181 bibe.
1359 2166 1406 2174 --·

842 2198 958 2229 Procz‘d
983 2197 1086 2228 omnis
1119 2202 1184 2231 esto
1218 2195 1347 2227 Clamor
1370 2205 1402 2227 et
