1456 2508
204 140 242 160 η
583 131 623 171 Q.
650 130 834 162 nortun
857 130 1005 162 FLACCI

199 188 202 190 ’
253 187 451 225 Interdum
483 186 672 237 spondeus
706 195 762 224 est
790 187 830 224 in
859 186 948 225 sede
975 187 1126 238 quinta,
1152 189 1190 236 Ι,
1221 187 1289 236 28,
1324 195 1392 233 213

201 247 322 298 Epod.
354 249 418 294 13,
445 262 488 298 93
519 249 583 294 16,
620 261 677 294 17.
705 247 917 298 Aliquoties
945 260 1088 286 caesura
1113 260 1192 286 non
1215 247 1272 286 hs
1283 246 1393 285 initio

200 309 308 359 pedis
328 309 430 346 tertii
450 309 517 346 sed
546 309 702 346 secundi
731 319 769 346 et
797 309 923 359 quarti
948 307 1059 346 simul
1078 302 1338 354 constituitur,
1356 309 1393 353 1,

203 382 239 415 7,
259 381 327 418 293
349 370 417 416 28,
442 368 483 415 55
504 369 622 419 Epod.
652 370 716 414 16,
738 381 798 405 21.
818 371 892 406 Ter
920 382 968 406 ne
993 368 1057 405 hic
1083 366 1237 419 quidem
1258 366 1393 405 obser—

203 437 334 477 vatur,
352 432 388 477 Ι,
408 430 474 476 28,
497 429 540 466 15
563 439 600 468 et
618 443 687 478 293
707 428 828 480 Epod.
852 428 918 474 15,
939 442 974 478 9.

255 491 320 527 Est
337 490 376 526 in
394 498 516 527 metro
536 492 612 536 IX,
627 493 683 536 X,
701 492 819 536 XIII,
835 491 944 535 XVI,
961 490 1083 526 XVII.

539 590 579 621 e.
607 578 774 621 Versus
797 574 1056 637 logaoedz'ci.

257 674 319 712 Sic
344 674 372 711 ii
401 674 579 711 dicuntur
604 685 738 711 versus
767 673 807 710 in
840 672 979 723 quibus
1010 662 1161 710 seriem*
1174 671 1398 722 dactylicam

206 733 451 784 subsequitur
469 734 583 771 series
603 733 807 770 trochaica.
828 736 977 770 Nomen
995 731 1291 783 logaoedicorum
1309 731 1398 769 inde

205 802 433 845 aeceperunt
460 792 564 844 quod
588 794 789 843 rhythmus
818 793 1025 843 dactylicus
1051 797 1155 844 ἀοιδῇ,
1182 791 1397 830 trochaicus

204 862 290 908 λόγῳ
312 854 631 893 accommodatior
649 862 716 892 est.

213 933 271 970 18.
291 935 432 971 Versus
450 932 623 970 Alcaicus
642 933 814 970 inversus
830 930 1100 981 decasyllabus.

333 1009 364 1015 -
379 998 403 1018 Q
432 999 454 1018 0
516 1009 548 1015 --
563 999 586 1017 υ
615 999 638 1017 Q
700 1009 731 1014 —
745 997 768 1016 0
831 1008 862 1014 -—
880 1003 913 1028 *G

336 1036 526 1084 Purpurei
543 1043 715 1072 metuunt
731 1038 896 1084 tyranni.
918 1038 954 1082 Ι,
978 1035 1043 1082 35,
1067 1048 1122 1071 12.

256 1099 323 1135 Est
339 1096 379 1133 in
395 1106 516 1134 metro
532 1099 634 1134 VIII.

209 1187 266 1225 19.
285 1177 427 1212 Versus
445 1177 499 1212 Αι
501 1175 710 1212 chilochius
726 1175 857 1226 major.

198 1234 357 1255 .-00
419 1234 540 1255 ..ου
601 1233 788 1266 -Ιιωω
849 1235 1080 1266 -υυΙΙ-
1095 1238 1118 1256 υ
1181 1235 1251 1256 —0
1313 1237 1382 1256 -υ

237 1274 399 1310 Solvitur
414 1275 517 1311 acris
533 1276 668 1324 hyems
683 1275 802 1323 gratd
816 1275 902 1311 vice
918 1275 1022 1311 veris
1041 1283 1080 1311 et
1093 1275 1249 1312 Favoni.
1266 1278 1297 1321 1,
1311 1280 1378 1323 [⁸2¹
1388 1304 1396 1311 .

257 1338 315 1374 Ex
345 1335 496 1374 duobus
530 1336 763 1386 compositus
791 1344 846 1373 est
880 1336 1060 1375 membris
1088 1336 1168 1375 sive
1197 1342 1321 1383 κώλοις,
1338 1336 1398 1374 ni-

205 1395 345 1434 mirum

311 1458 346 1510 a)
364 1471 411 1495 ex
429 1471 543 1496 versu
561 1458 757 1495 Alcmanio
777 1456 901 1507 (num.
922 1457 971 1509 6).

309 1517 350 1569 b)
371 1531 419 1555 ex
434 1531 549 1556 versu
567 1517 793 1568 Ityphallico
813 1516 934 1568 (num.
960 1517 1005 1568 1).

259 1578 384 1616 Graeci
401 1577 555 1628 quidem
572 1577 642 1614 hos
658 1578 711 1614 ita
724 1577 906 1627 jungunt,
920 1586 962 1614 ut
977 1576 1110 1614 ultima
1126 1576 1271 1627 syllaba
1286 1590 1402 1615 mem—

210 1637 272 1674 bri
297 1637 437 1688 prioris
464 1637 622 1687 perinde
646 1636 755 1687 quasi
779 1636 968 1687 integrum
993 1636 1145 1674 claudat
1172 1649 1344 1682 versum,
1365 1646 1403 1675 et

208 1696 337 1735 brevis
363 1705 401 1734 et
427 1699 540 1748 longa
567 1709 648 1734 esse
676 1705 713 1734 et
740 1696 887 1735 hiatum
916 1710 1068 1748 quoque
1096 1696 1245 1734 efficere
1277 1706 1402 1748 queat.

210 1758 353 1794 Contra
372 1756 554 1794 Horatius
573 1769 643 1794 nec
660 1756 795 1806 pedem
815 1756 997 1794 creticum
1015 1778 1046 1784 —
1062 1772 1085 1791 υ
1100 1779 1131 1785 -
1146 1769 1270 1808 neque
1289 1769 1406 1807 spon—

181 1850 184 1854 .
210 1817 323 1855 deum
341 1818 381 1854 in
395 1825 532 1868 quarto
548 1817 633 1854 loco
649 1817 776 1868 posuit
790 1831 914 1868 neque
927 1817 1038 1855 'hiatu
1053 1831 1143 1856 usus
1157 1826 1227 1866 est3
1241 1815 1404 1868 ideoque

209 1879 283 1916 hoc
301 1887 465 1916 metrum
488 1878 740 1916 Horatianum
757 1879 780 1914 a
798 1877 1043 1929 subsequenti
1064 1891 1244 1916 versuum
1267 1891 1403 1929 genere

210 1947 534 1988 asynartetorum,
553 1937 652 1976 inter
676 1951 772 1989 quos
791 1939 983 1977 numerari
999 1939 1111 1985 solet,
1128 1937 1403 1977 excludendum

208 1997 371 2035 videtur.
1353 2014 1355 2016 ·

264 2059 330 2096 Est
348 2058 388 2095 in
406 2066 528 2095 metro
546 2060 634 2096 XII.

549 2140 578 2187 f.
603 2144 772 2188 Versus
796 2145 1062 2202 asynarteti.

224 2262 228 2265 »
262 2242 401 2279 Versus
421 2240 626 2292 asynarteti
641 2238 873 2291 (ἀσυνάρτητα)
891 2253 917 2278 s.
935 2238 1140 2278 inconnexi
1162 2239 1404 2278 nominantur
