1404 2482
167 108 231 138 322
549 113 590 151 Q.
616 111 798 142 HORATII
822 110 974 143 FLACCI

162 240 319 253 mmm„
326 241 1346 258 mmmmmmmmmmmmmmw=um

280 388 428 445 ODE
471 390 848 450 VIGESIMA
892 391 1226 450 SEPTIMA

507 555 590 598 AD
626 556 826 600 GALAT
837 557 982 601 EAM.

164 725 337 756 Galateam
362 725 537 767 quamdam
554 727 648 768 (quoe
664 727 721 758 illa
729 726 835 769 fuerit
851 728 992 759 Galatea
1000 730 1130 770 prorsus
1141 729 1308 772 ignoratur
1321 740 1352 763 et

205 779 285 810 scire
300 779 427 811 minimi
444 788 492 811 est
513 781 707 822 momenti),
724 781 745 812 ὰ
769 781 967 826 suscipiendo
991 783 1149 814 maritimo
1168 785 1282 816 itinere
1307 787 1354 816 ad

206 834 296 875 quod
316 835 552 877 accingebatur,
577 836 733 866 deterrere
747 845 887 868 conatur
904 838 1062 870 Horatius.
1082 840 1157 870 Non
1173 840 1267 870 malis
1283 841 1351 882 qui-

205 888 278 919 dem
293 889 441 931 auspiciis
458 901 532 931 quoe
555 890 618 920 soli
631 890 728 931 impio
741 899 950 930 reservantur,
967 892 1058 924 illam
1073 894 1204 924 retineri
1214 895 1346 931 asserit,-

204 942 286 979 imb,
308 942 435 974 etiamsi
451 944 585 974 adversa
601 943 710 974 omina
731 953 939 986 apparerent,
957 957 997 976 ea
1010 946 1157 988 precibus
1175 947 1346 990 corrigere,

207 1005 240 1027 et
271 996 428 1039 feliciora
464 998 625 1029 adducere
661 998 695 1029 in
728 1006 878 1040 promptu
917 1007 1005 1031 esset.
1041 1001 1107 1031 Sed
1133 1001 1349 1043 navigationis

198 1050 362 1091 pericula,
404 1059 438 1082 et
464 1052 562 1082 maris
601 1052 786 1083 Hadriatici
819 1053 1015 1096 perfidiam,
1047 1062 1080 1084 et
1117 1054 1212 1085 ‘venti
1250 1056 1346 1086 etiam

202 1104 422 1135 secundissimi
444 1105 693 1136 inconstantiam
721 1106 842 1147 objicit.
878 1109 1040 1148 Quantum
1067 1109 1174 1140 autem
1197 1117 1346 1141 terrorem

195 1157 343 1199 soeminoe
363 1159 423 1189 vel
444 1159 632 1201 fortissimae
671 1159 739 1190 haec
766 1160 874 1190 omnia
901 1161 1038 1192 incutere
1069 1162 1209 1203 possint,
1241 1174 1349 1194 ezem-

199 1211 256 1252 plo
284 1212 490 1243 celeberrimo
521 1213 650 1250 edocet,
673 1215 810 1254 Europa·
843 1214 982 1253 scilicet,
1017 1215 1064 1245 ad
1086 1215 1173 1258 cujus
1194 1215 1347 1257 fabulam

203 1267 243 1297 de
257 1267 382 1310 integro
396 1268 614 1299 enarrandam
630 1268 797 1301 delabitur.
811 1269 907 1310 Quod
920 1270 1026 1310 supra,
1045 1269 1079 1301 in
1096 1277 1285 1312 argumento
1304 1272 1351 1302 ad

201 1321 293 1365 liujus
310 1322 385 1354 libri
404 1333 534 1354 carmen
550 1322 675 1353 tertium
685 1345 696 1361 ,
710 1323 750 1354 de
772 1323 916 1365 longiore
937 1321 1015 1360 illd,
1034 1322 1101 1365 qud
1115 1326 1200 1356 Iuno
1215 1325 1348 1367 loquens

199 1376 369 1414 inducitur,
394 1377 591 1419 digressione
617 1377 811 1414 monuimus,
829 1377 867 1408 id
880 1388 1004 1419 quoque
1021 1377 1062 1408 de
1074 1379 1212 1419 Europae
1225 1378 1346 1420 sabula*

200 1430 276 1460 scite
305 1429 395 1472 hujus
421 1430 574 1461 carminis
596 1438 785 1472 argumento
808 1429 1072 1468 accommodata,
1095 1432 1198 1463 valet.
1221 1432 1348 1464 Scilicet

194 1491 295 1525 poeta
307 1483 340 1514 in
357 1481 622 1526 Europaefabulc'z‘
635 1485 718 1514 nunc
736 1483 827 1514 unice
846 1484 1054 1515 temeritatem
1065 1509 1075 1522 ,
1093 1483 1158 1526 qud
1178 1485 1237 1516 illa
1256 1493 1346 1517 tauro

198 1549 232 1568 se
257 1537 424 1569 credidisse
452 1537 570 1576 fertur,
598 1538 764 1579 spectavit,
789 1549 886 1580 quam
911 1549 982 1569 cum
1011 1539 1160 1570 Galatea·
1167 1562 1178 1576 ‚
1206 1538 1348 1579 hyemali

199 1600 339 1633 tempore
371 1592 448 1622 navi
472 1603 505 1622 se
533 1592 763 1629 commissurae,
783 1593 961 1623 temeritate
984 1600 1158 1634 comparat.
1185 1594 1345 1634 Quantum

198 1645 362 1676 suavitatis
377 1645 501 1682 autem,
518 1644 720 1676 sublimitatis
735 1653 767 1676 et
780 1645 943 1688 dignitatis
957 1645 1108 1677 Horatius
1120 1646 1193 1677 huic
1208 1647 1346 1678 carmini

199 1689 434 1736 conciliaverit,
451 1699 488 1729 οὸ
507 1699 596 1740 quod
614 1701 779 1740 Europam
801 1699 867 1731 tam
889 1707 1036 1741 agentem
1050 1699 1145 1742 quam
1161 1701 1343 1742 loquentem

200 1751 348 1788 induxit,
370 1752 502 1782 lectores
517 1751 578 1793 ipsi
590 1751 736 1784 sentient.

257 1885 390 1920 hunos
406 1895 528 1932 parrae
546 1882 746 1920 recinentis
765 1895 874 1920 omen

255 1943 380 1979 Ducat
403 1949 427 1989 ¹,
443 1950 480 1979 et
499 1954 695 1991 praegnans
714 1943 815 1979 canis
829 1971 839 1990 ,
858 1951 923 1980 aut
950 1941 997 1979 ab
1017 1955 1108 1993 agro

201 2069 229 2089 1.
263 2057 384 2098 Impios
408 2068 517 2099 parrae
550 2057 721 2088 recinentis
773 2060 874 2100 tangit
901 2059 1035 2101 religio,
1059 2070 1093 2090 re
1117 2058 1184 2101 ipsi
1203 2060 1341 2101 experiri

153 2114 247 2134 omen
270 2106 376 2134 Ducat
391 2115 402 2134 :
427 2105 472 2134 sic
494 2104 557 2135 fere
574 2104 723 2145 procedit
773 2107 890 2146 cupio,
909 2105 987 2146 quid
1006 2106 1047 2136 sit
1070 2105 1208 2136 adversis
1236 2107 1340 2146 auspi-

151 2150 247 2191 p'aulb
269 2150 422 2192 longioris
435 2150 530 2189 hujus
543 2150 667 2191 periodi
676 2152 720 2181 in·
773 2152 829 2182 ciis
842 2152 902 2181 iter
912 2151 1040 2192 aliquod
1049 2152 1221 2192 suscipere,
1231 2162 1340 2192 quem-

152 2197 346 2237 terpretatio.
371 2197 489 2238 Impios
500 2219 509 2236 ,
540 2206 620 2238 quos
635 2197 721 2227 nulla
774 2195 946 2228 admodilm
964 2198 1080 2237 evenit,
1095 2195 1168 2228 ciun
1182 2198 1237 2228 vix
1250 2198 1266 2228 ὲ
1283 2197 1339 2228 do-
