1456 2508
174 118 244 149 88
561 120 601 158 Q.
623 117 806 150 HORATII
830 118 979 151 FLACCI

172 180 246 215 Coi
248 191 300 216 nu
319 186 496 229 tympana
513 186 539 224 ⁷,
559 190 643 227 quae
663 178 906 245 subsequitur
923 189 1043 218 caecus
1060 192 1166 218 amor
1185 177 1262 229 sui,

170 240 217 275 Et
238 238 370 275 tollens
386 250 549 275 vacuum
568 238 652 287 plus
671 238 788 275 nimio
805 240 926 290 gloria
943 239 1142 287 verticem,
1330 248 1360 272 ¹⁵

172 298 386 347 Arcanique
404 297 494 335 fides
513 297 674 348 prodiga
687 297 720 344 ⁸,
739 299 972 348 perlucidior
988 299 1102 337 vitro.

173 415 225 444 chi
243 421 358 444 statuas
382 415 399 444 e
423 414 544 445 sacellis
562 424 740 447 commove-

172 461 260 498 bant,
275 471 389 501 easque
398 472 454 502 per
463 467 586 491 montes
599 467 630 492 et
645 472 741 504 pagos

173 506 473 545 circumducebant,
492 507 590 548 idque
605 508 681 538 vino
694 509 742 538 fu—

173 560 276 583 rentes
301 561 332 583 et
355 554 460 584 ebriae.
485 555 559 585 Non
573 553 658 583 idem
671 554 740 585 lici-

175 607 243 629 tum
264 599 387 630 bibenti
400 599 528 640 quidem
539 622 547 638 ,
562 600 616 630 sed
630 601 742 640 parce,

174 645 229 676 sed
247 646 407 676 moderate
424 656 431 677 :
446 647 535 687 quasi
549 653 642 686 pocta
657 646 727 676 dice
741 667 743 670 ι

174 699 222 722 ret
238 702 249 726 ;
265 693 406 723 Bacchus
422 692 504 722 favet
517 691 610 722 donis
618 693 682 722 suis
694 704 742 723 sa-

172 738 296 778 pienti-r
308 739 430 776 utenti3
443 738 627 779 indignatur
639 746 742 769 autem

174 784 286 815 contra
301 795 374 815 eum
393 785 449 825 qui
461 786 530 815 sine
544 786 722 816 ministerio
733 808 742 824 ‚

173 832 240 861 sine
253 831 361 869 jussu,
377 831 601 861 Bacchantium
619 831 742 862 furores

174 878 327 920 imitatur.
339 879 477 918 Quatere
488 877 648 908 Bacchum
658 877 742 907 idem

173 925 272 965 igitur
281 924 363 954 valet
371 947 380 961 ‚
392 934 428 954 ac
436 923 553 954 Bacchi
561 934 647 954 sacra
660 934 743 954 com-

176 980 323 1009 movere,
339 981 404 1011 qno
435 980 529 1000 sensu
551 971 640 1011 Virg.
669 972 741 1001 AEn.

177 1018 234 1054 lv,
246 1017 332 1047 301:
351 1016 463 1057 Qualis
480 1017 641 1055 commotis
657 1015 743 1046 exci-

175 1070 211 1092 ta
232 1063 331 1093 sacris
355 1062 483 1102 Thyias.
496 1080 542 1086 --
557 1064 626 1093 Nec
641 1061 744 1092 varits

175 1109 275 1140 obsita
297 1109 467 1152 frondibus
486 1109 542 1139 sub
567 1109 669 1139 divam
693 1119 744 1138 ra-

170 1156 264 1197 piam
293 1167 304 1186 .·
328 1155 400 1186 sub.
426 1162 479 1185 tna
507 1156 655 1197 mysteria
665 1179 673 1194 ‚
691 1162 744 1185 tua

174 1202 322 1244 symbola
331 1225 340 1241 ‚
357 1202 467 1233 eodem
476 1212 571 1232 sensu
583 1213 649 1242 quo
665 1211 744 1243 prae-

175 1249 327 1280 cedentia.
359 1251 398 1280 In
428 1249 524 1290 orgiis
558 1249 642 1278 enim
656 1271 665 1286 ,
695 1258 744 1277 res

174 1295 322 1337 quaedam
348 1297 506 1337 mysticae,
534 1295 567 1324 in
593 1294 668 1324 cista
693 1294 745 1323 vel

174 1344 211 1372 in
224 1342 328 1372 arcula
343 1343 502 1383 pampinis
514 1352 549 1371 ac
556 1341 682 1371 hederis
691 1340 745 1370 ob-

174 1388 286 1427 velata,
297 1389 494 1419 circumferri
508 1387 669 1424 solebant3
679 1397 746 1417 non

175 1437 263 1478 orgia
288 1436 394 1466 autem
417 1434 527 1466 suadet
542 1436 653 1464 Horat.
666 1456 675 1471 ‚
691 1432 745 1463 sed

176 1482 323 1512 honestas
347 1487 379 1511 et
401 1483 512 1510 amicas
539 1481 745 1521 compotatio-

174 1539 242 1559 neS.

225 1586 256 1614 7.
276 1577 367 1606 Saeva
391 1582 463 1605 cene
486 1584 556 1604 cum
584 1575 743 1612 Berecyn-

176 1621 242 1652 thio
268 1622 373 1652 Cornu
392 1628 549 1661 tympana
562 1630 573 1649 :
590 1620 708 1649 Averte
726 1617 743 1648 ἐι

175 1680 226 1699 me
241 1678 371 1705 saevum,
380 1667 552 1698 terribilem
564 1666 658 1695 istum
669 1687 678 1702 ‚
688 1664 744 1705 qui

176 1723 404 1757 tympanorum
429 1720 459 1743 et
484 1712 615 1753 Phrygii
642 1721 744 1741 cornu

177 1763 310 1804 strepitu
324 1762 493 1798 excitatur,
504 1759 643 1789 furorem
656 1768 664 1795 3
678 1767 741 1786 ma-

793 428 854 459 gna
877 417 1007 459 quidem
1032 426 1196 448 sacrorum
1217 417 1362 447 omnium

794 465 941 505 cognatio
954 470 1020 495 erat
1030 487 1038 502 ‚
1055 462 1110 494 sed
1122 463 1282 504 praecipue
1298 463 1362 504 Cy-

793 509 879 540 heles
890 511 925 540 in
939 516 1046 541 monte
1058 508 1258 550 Berecyntho
1268 508 1362 539 eultae

794 563 826 586 et
837 556 962 588 Bacchi.
980 574 1028 580 —-
1044 557 1124 596 Quae
1139 565 1150 584 .·
1165 565 1262 595 quem
1275 555 1362 584 furo-

795 613 872 633 rem.
890 620 935 626 —
955 603 1062 634 Caecus
1076 611 1169 631 amor
1179 597 1250 630 sui':
1273 610 1360 630 amor

795 649 880 679 enim
906 648 973 686 sui,
1001 649 1136 678 aliorum
1168 646 1358 684 virtutibus,
1410 664 1413 666 >

794 695 995 736 propriisque
1013 695 1098 725 vitiis
1112 693 1222 724 oculos
1234 691 1361 723 claudit.

794 741 913 771 Fam-il
926 752 986 782 que
995 741 1260 780 l'amour-propre
1271 749 1362 770 aueu-

791 787 846 828 gle
873 787 919 818 les
941 786 1051 827 esprits
1066 787 1174 816 D'une
1191 784 1222 815 si
1237 783 1362 815 terrible

796 833 962 864 muniere?
973 833 1097 864 Lafont.
1114 849 1161 855 --
1179 832 1225 861 Ec
1246 830 1362 861 tollens

795 890 936 910 vacuum
946 879 1020 920 ples
1032 876 1128 909 nimio
1147 876 1253 919 gloria
1266 877 1363 907 verti-

795 936 862 955 cem
876 937 887 955 :
914 927 1018 967 imago
1042 924 1228 966 deprompta
1249 934 1289 954 ex
1311 924 1361 953 iu-

795 983 885 1002 cessu
907 971 1045 1002 hominis
1066 971 1203 1001 inaniter
1223 969 1360 1011 glorian-

795 1019 834 1048 tis
844 1029 853 1056 ;
864 1017 974 1048 eodem
984 1027 1077 1047 sensu
1085 1027 1151 1057 quo
1164 1017 1294 1047 Plautus
1304 1039 1313 1055 ,
1326 1017 1362 1046 in

797 1065 893 1095 Milit.
919 1064 1046 1105 glorios.
1077 1069 1137 1093 act.
1164 1065 1299 1100 I‚-scen.
1326 1073 1361 1099 1,

800 1120 853 1146 22,
873 1109 1079 1151 Persun'orem
1107 1108 1167 1138 hoc
1203 1107 1362 1139 korninem

797 1156 826 1186 si
846 1155 923 1197 quis,
935 1155 1073 1192 viderie,
1097 1155 1165 1184 Aut
1185 1149 1362 1196 gloriarum

792 1202 970 1242 pleniorem
985 1201 1082 1242 qut'zm
1099 1199 1167 1231 illio
1183 1200 1368 1232 esa-wlfa-v

797 1259 907 1285 cuum,
929 1249 1003 1289 quia
1023 1247 1105 1278 nihil
1119 1247 1180 1277 nisi
1196 1253 1310 1277 ventus
1331 1253 1362 1278 et

797 1295 901 1325 furnus
924 1296 958 1324 in
978 1293 1094 1324 stolido
1119 1292 1258 1323 hominis
1279 1303 1363 1324 arro-

797 1343 918 1382 gantis,
942 1339 1115 1381 praesertim
1150 1337 1225 1369 cum
1255 1339 1362 1370 ebrius

798 1395 860 1423 est,
881 1387 993 1428 capite.

847 1434 877 1464 8.
895 1431 1079 1473 Arcaniquc
1093 1430 1180 1475 fides
1204 1429 1363 1476 prodiga.-

798 1481 1018 1510 secretissimas
1042 1489 1109 1516 res,
1124 1477 1201 1508 fidei
1218 1477 1364 1509 commis-

798 1536 862 1563 sas,
890 1525 1023 1555 ebrietas
1048 1523 1195 1555 recludit.
1228 1523 1367 1555 ‚Deduci-

798 1571 871 1602 dior
882 1571 967 1601 vitro
983 1582 994 1600 :
1010 1570 1103 1610 quale
1124 1571 1262 1608 vitrum,
1278 1569 1366 1611 quod

796 1618 901 1648 lucem
931 1617 1088 1654 admittit,
1124 1616 1201 1646 adeo
1231 1623 1269 1646 ut
1293 1626 1366 1656 quae

797 1663 883 1694 intus
910 1670 985 1693 sunt
1008 1670 1152 1703 pateant,
1171 1662 1232 1693 tale
1254 1668 1366 1703 pectus

797 1709 936 1741 hominis
977 1709 1076 1747 ebrii,
1103 1719 1212 1740 arcana
1248 1706 1365 1750 patefa-

798 1757 919 1786 cientis,
