1456 2508
195 153 236 183 70
575 148 616 188 Q.
641 143 823 178 nonA‘rn
845 145 996 179 mem

324 200 466 238 Felices
485 210 544 239 ter
561 209 598 239 et
616 201 775 253 amplius
794 202 822 250 ⁶,

374 261 480 306 Quos
498 260 648 311 irrupta
666 269 767 298 tenet
787 261 942 311 copula,
961 274 1031 300 nec
1048 262 1155 301 malis

323 319 503 357 Divulsus
521 320 765 370 querimoniis

379 381 566 430 Suprema
582 380 693 418 citiuS
711 380 831 418 solvet
851 392 957 418 amor
976 381 1050 419 die.
1346 400 1378 416 πο

194 523 256 555 gua
288 518 344 543 est.
370 511 437 543 Alii
467 523 597 544 succum
627 515 761 545 nectaris

195 558 439 589 subtilissimum
449 581 457 597 ,
474 561 617 600 quintam
627 583 635 598 ,
650 567 686 590 ut
701 561 761 601 gal·

192 604 255 635 lice
271 604 422 642 dicimus,
436 606 599 639 essentiam
614 606 662 647 (Ia
675 605 762 647 quin-

193 650 359 693 tessence)‚
372 653 637 692 interpretantur3
654 654 708 682 vix
722 653 763 683 fe-

193 694 303 734 licius3
333 697 463 738 prorsus
487 698 572 728 enim
601 698 762 730 veteribus

193 743 303 785 ignota
331 753 380 773 ars
405 744 545 784 liquores
568 745 641 785 igne
667 746 761 785 quin-

195 789 286 832 quies
304 790 478 820 successive
496 790 641 828 admoto,
658 791 695 820 ad
712 802 763 821 ex-

194 836 377 879 primendos
399 847 439 867 ex
453 837 515 867 illis
527 837 763 867 vehementissi-

196 894 265 915 mos
280 889 311 912 et
324 883 563 914 delicatissimos
573 893 694 920 succos,
708 884 765 912 fer-

195 930 370 961 mentandi.
395 930 501 960 Multo
525 927 690 959 absurdius
707 930 764 969 qui

196 977 339 1019 quintam
372 977 508 1007 nectaris
532 976 669 1007 Venerei
695 986 765 1016 par-

196 1029 277 1062 tem,
301 1023 341 1054 de
368 1022 541 1052 concubitu
570 1022 761 1063 intelligunt.

196 1070 349 1110 Quinque
367 1068 469 1106 enlm,
490 1069 658 1109 inquiunt,
683 1078 765 1098 amo·-

195 1116 239 1146 ris
251 1122 355 1157 partes
366 1124 374 1146 :
385 1121 543 1155 aspectus,
555 1114 762 1154 colloquium,

196 1167 317 1199 tactus,
357 1161 500 1191 osculum
512 1184 520 1199 ,
560 1160 762 1191 concubitus.

196 1207 286 1248 Quid
303 1207 380 1238 vero
398 1207 514 1238 osculis
531 1206 706 1236 concubitu
721 1217 765 1236 re-

195 1254 291 1296 pletis
311 1253 407 1294 magis
430 1253 622 1283 ridiculum?
639 1253 678 1282 Iu
698 1262 765 1282 seu-

196 1301 329 1331 tentiam
361 1299 489 1329 doctiss.
527 1305 560 1329 et
588 1299 763 1338 elegantiss.

197 1346 323 1377 Horatii
358 1346 541 1385 interpretis
576 1344 764 1374 descendere

196 1392 319 1430 malim,
335 1393 383 1423 Dc
398 1391 518 1431 Wailly
536 1401 639 1431 nuper
652 1390 765 1420 litteris

197 1445 230 1469 et
250 1438 428 1477 juventutis
448 1437 629 1467 educationi
654 1435 764 1466 acerbi!

197 1491 299 1515 morte
321 1485 485 1525 praerepti,
500 1485 558 1523 qui
576 1482 657 1512 nihil
680 1481 765 1512 aliud

196 1530 250 1561 hic
279 1530 375 1568 vidit,
402 1529 497 1571 quim
519 1529 704 1559 allusionem
727 1527 765 1557 ad

199 1584 335 1607 veterem
343 1576 499 1617 loquendi
513 1575 644 1605 modum
654 1597 662 1612 ,
672 1574 689 1604 ὲ
699 1574 766 1614 qui-

196 1622 330 1654 busdam
341 1623 442 1663 poetis
452 1623 570 1651 Graecis
583 1621 664 1661 saepi:
678 1630 767 1650 usur-

197 1675 318 1710 patum.
345 1668 493 1699 Testibus
515 1667 599 1697 enim
623 1666 713 1696 Ibico
737 1673 767 1695 et

198 1715 350 1754 Pindaro,
376 1715 496 1745 decima
523 1719 589 1744 erat
611 1713 647 1743 in
672 1712 765 1742 melle

813 516 977 547 ambrosiae
990 524 1078 555 pars;
1089 512 1175 544 unde
1188 513 1294 544 oscula
1309 514 1381 545 mel-

813 563 842 593 le
864 562 1003 599 imbuta,
1019 559 1160 600 qualibet
1185 559 1306 590 idcirco
1328 561 1379 590 vel

814 608 997 645 ambrosiae,
1026 606 1078 636 vel
1117 607 1251 636 nectaris
1292 613 1379 647 parte

813 655 917 686 imbui
941 662 1069 693 quoquc
1097 651 1294 682 dicebamur.
1323 652 1381 684 Ca-

815 701 885 732 tull.
905 700 1031 736 XCIX,
1052 708 1070 727 2
1088 707 1097 729 ε
1119 698 1299 729 Suaviolum
1315 698 1381 729 dul-

816 747 847 778 ci
859 745 980 777 dulcius
1001 742 1171 776 ambrosia.
1191 742 1272 775 Cum
1287 745 1381 786 quin·

816 801 879 823 tam
897 792 1027 822 decimae
1041 791 1175 820 nectaris
1190 798 1311 831 partem
1327 790 1381 820 hic

816 846 925 870 noster
937 836 1122 875 subjecerit,
1134 836 1243 877 Lydiae
1257 836 1364 867 oscula
1373 859 1381 874 ‚

818 892 1000 915 caeterarum
1022 882 1138 912 osculis
1162 882 1211 913 bis
1237 883 1382 914 suti'viora

817 942 882 962 esse
896 930 1011 961 innuit.

863 978 895 1008 6.
909 975 1030 1007 Felices
1042 981 1090 1004 ter
1101 981 1133 1004 et
1143 974 1282 1015 amplius
1294 985 1305 1005 .-
1319 984 1382 1005 sor-

817 1024 856 1053 tis
880 1033 943 1053 suae
967 1021 1148 1051 felicitatem
1171 1031 1279 1051 secum
1302 1020 1382 1051 indi-

817 1069 902 1099 recte
915 1074 1056 1108 reputat,
1071 1067 1097 1096 si
1109 1066 1242 1108 Lydiam
1253 1068 1290 1098 in
1301 1077 1389 1098 amo-¹

817 1126 851 1145 re
873 1119 1071 1145 constantem
1091 1119 1239 1154 expertus
1256 1113 1381 1151 fuisset;

817 1161 948 1203 Lydiam
983 1159 1078 1190 simul
1114 1158 1250 1200 periculi
1283 1160 1383 1189 immi-

817 1209 922 1238 nentis
948 1205 1112 1242 admonet,
1138 1215 1210 1246 quae
1234 1206 1383 1243 juvenem

818 1254 994 1284 violentum
1011 1250 1030 1280 a
1050 1251 1140 1289 cujus
1161 1261 1268 1282 amore
1287 1261 1380 1289 mox,

819 1298 912 1329 etiam
939 1298 1058 1335 invita,
1074 1295 1281 1334 distrahetur,
1307 1294 1380 1327 cilm

817 1344 887 1375 fieri
902 1349 1038 1384 nequeat
1055 1349 1093 1373 ut
1112 1340 1234 1383 irrupce‘z'
1247 1340 1380 1384 copuld,

817 1389 1032 1421 indissolubili
1042 1388 1183 1426 vinculo,
1194 1389 1299 1419 malas
1308 1398 1385 1430 quo-

818 1437 895 1468 tidie
908 1436 1011 1477 agenti
1025 1433 1238 1476 querimonias
1251 1433 1384 1476 longum

817 1485 885 1524 ipsa
913 1482 1079 1512 adhaereat.
1105 1497 1151 1503 —-
1172 1481 1243 1511 Nec
1268 1479 1384 1517 malis;

818 1529 916 1559 verba
941 1527 985 1558 sic
1009 1525 1204 1568 expedienda
1224 1535 1232 1556 :
1249 1533 1282 1557 et
1303 1537 1384 1568 quos

819 1585 923 1612 amor,
946 1573 1034 1604 malis
1052 1573 1258 1613 querimoniis
1281 1572 1385 1603 divul-

819 1631 887 1659 sps,
904 1618 1070 1660 nunquam
1079 1619 1191 1658 solvet,
1208 1618 1381 1660 disjunget‚

819 1666 976 1707 separabit
989 1661 1138 1706 suprema
1150 1664 1240 1696 cicius
1253 1664 1321 1702 die,
1334 1675 1384 1696 an-

821 1713 852 1744 te
870 1711 952 1743 diem
968 1721 1162 1754 supremum.

1446 174 1456 237 '³4

1435 239 1456 274 ’ἒ
