1456 2508
156 120 221 150 256
537 122 578 160 Q.
601 121 783 152 HORATH
808 122 958 155 FLACCI

309 179 468 213 Vei-sare
485 175 629 225 glebas,
645 186 682 214 et
702 190 842 215 severae

361 235 493 272 Matris
513 235 560 272 ad
579 235 780 274 arbitrium
799 238 938 276 recisos
1311 258 1344 285 40

259 299 413 332 Portare
429 295 543 332 fustes
562 302 603 342 ¹¹,
616 297 671 332 sol
691 295 757 333 ubi
775 298 960 335 montium

258 357 425 391 Mutaret
444 354 617 403 umbras,
634 363 671 392 et
684 357 776 407 juga
797 357 964 395 demeret

311 414 437 451 Bobus
458 415 641 465 fatigatis,
659 416 821 454 amicum

360 477 524 524 Tempus
543 487 657 524 agens
675 474 837 512 abeunte
856 489 983 513 curru.

255 535 444 570 Damnosa
462 533 554 583 quid
571 546 647 570 non
665 534 854 572 imminuit
873 535 952 572 dies
965 537 1016 571 ¹²?
1309 546 1336 574 ⁴5

257 594 359 630 AEtas
379 602 595 643 parentum,
614 594 722 644 pejor
741 594 840 640 avis,
862 595 945 632 tulit

151 735 247 767 gones
278 725 417 755 robustis
446 726 612 767 agrestium
634 728 717 757 viro-

150 782 222 801 rum
237 771 382 801 manibus
398 777 554 802 tractatos.

203 828 253 848 11.
278 820 409 848 Portare
430 817 536 859 ficsees
558 830 568 849 :
592 825 717 859 portare

152 864 283 894 domum
307 863 426 905 ligneos
447 863 543 894 fasces
569 864 608 894 ad
633 865 717 895 alen-

151 910 227 940 dum
243 909 407 940 domestici
420 909 483 940 foci
495 911 612 951 ignem,
621 909 719 951 proiit

150 963 340 997 praeceperat
363 962 479 994 mater,
509 957 597 994 cujus
624 957 718 994 jussis

151 1003 292 1032 resistere
315 1002 496 1032 nesciebant
518 1001 588 1033 filii.
602 1018 647 1025 —
663 1003 719 1032 Sol

152 1047 204 1078 uhi
231 1047 380 1078 montium
404 1049 545 1078 Μαῖαν-ετ
564 1048 689 1078 umbras
706 1060 717 1078 :

151 1094 278 1125 umbras
304 1094 423 1124 scilicet
447 1095 603 1124 montium
627 1105 718 1135 quae,

150 1141 216 1171 sole
234 1146 390 1177 nascente,
401 1139 440 1170 ad
454 1139 660 1178 occidentem,
671 1150 719 1170 eo·

151 1187 223 1216 dem
243 1186 468 1223 descendente,
499 1185 537 1215 ad
563 1187 718 1216 orientem

150 1234 375 1273 projiciuntur.
405 1234 547 1262 Venusia
579 1239 610 1262 et
640 1232 716 1262 huic

150 1279 222 1309 loco
245 1285 314 1319 apta
332 1277 419 1317 hvrae
438 1279 623 1318 vespertinae
648 1278 716 1308 des-

153 1325 268 1366 criptio
281 1335 289 1359 ς
303 1324 403 1364 qualis
424 1324 478 1353 illa
498 1325 586 1365 Virg.
606 1324 714 1366 Eglog.

153 1373 203 1409 11,
218 1371 259 1401 68
278 1379 286 1400 :
302 1369 419 1410 Aspice
441 1377 552 1399 aratra
570 1369 647 1412 jugo
668 1381 716 1400 re-

147 1417 257 1458 ferunt
278 1414 427 1456 suspensa
441 1415 587 1457 juvenci,
606 1418 651 1446 Ec
670 1417 718 1446 sol

152 1470 325 1494 crescentes
368 1461 531 1492 discedens
575 1462 717 1502 duplicat

154 1510 290 1540 umbras.
319 1526 365 1532 —-
395 1510 440 1539 Ec
470 1508 552 1550 juga
579 1508 720 1539 demeret

156 1557 258 1586 Bobus
263 1554 436 1597 fatigatis:
452 1561 575 1595 tempus
594 1566 718 1596 vesper-

153 1604 254 1633 tinum
279 1602 397 1632 Graecis
433 1598 589 1640 βοὺλυσις,
620 1601 718 1631 boum

151 1649 268 1679 solutio
279 1671 286 1685 ‚
301 1647 428 1678 dicitur.
445 1648 538 1679 Ratio
557 1653 651 1688 patet.
668 1647 718 1678 Sic

153 1694 305 1731 Ovidius,
321 1693 402 1725 Fast.
418 1694 460 1731 V,
479 1699 541 1733 497
556 1702 563 1724 ε
584 1695 718 1733 Tempus

154 1747 239 1777 erat,
258 1751 321 1781 quo
337 1750 434 1770 versa
445 1739 527 1782 jugo
541 1739 719 1780 refhruntur

134 1807 136 1810 -
153 1786 472 1817 aratra—«Amicum
481 1793 717 1827 tempusagens:

153 1833 331 1870 adducens,
350 1829 426 1862 dum
448 1833 516 1873 ipse
541 1832 623 1868 abit,
639 1838 716 1861 tem·

152 1889 211 1920 pus
238 1878 391 1914 amicum,
420 1885 542 1919 gratum
573 1878 716 1914 rusticis,

153 1926 359 1956 cessationem
387 1923 426 1953 ab
455 1924 605 1964 operibus
631 1923 718 1953 diur-

152 1973 202 2002 nis
212 1994 221 2009 ‚
234 1973 388 2012 quietem,
402 1980 560 2000 somnum.

205 2029 255 2048 12.
280 2018 446 2046 Damnosa
469 2015 550 2056 quid
571 2025 634 2045 non
662 2014 719 2044 im-

155 2063 268 2094 minuit
280 2062 346 2092 dies
357 2066 374 2092 :2
389 2061 636 2103 pulcherrimum
652 2071 718 2091 car-

155 2121 227 2141 men
254 2107 433 2151 gravissima
453 2108 567 2139 Noster
589 2107 719 2137 conclu-

771 728 818 758 dit
835 727 987 759 sententia
997 751 1006 767 ,
1020 735 1052 760 et
1064 728 1099 759 ea
1113 729 1256 771 quidem,
1273 742 1339 762 mo—

771 774 813 804 ᾶὸ
838 785 905 805 non
933 773 1060 816 longius
1105 782 1136 806 et
1165 775 1204 806 ad
1231 779 1336 807 omnia

771 827 911 861 tempora
934 821 1138 860 extendatur,
1154 821 1334 861 verissima;

770 867 877 907 negari
898 867 981 896 enim
1006 868 1133 908 nequit,
1157 868 1184 897 si
1205 877 1272 898 eam
1296 869 1335 899 ad

770 911 932 942 historiam
950 919 980 942 et
995 923 1097 943 mores
1113 915 1274 944 Romanos
1289 925 1336 945 re·-

771 957 881 996 ducas,
904 958 986 988 nihil
1004 958 1056 989 hic
1078 969 1211 1000 asserere
1234 961 1335 991 Hora-

771 1004 869 1041 tium,
895 1004 983 1045 quod
1007 1003 1164 1035 evidentia
1183 1004 1280 1048 simul
1304 1014 1335 1037 et

772 1049 964 1090 experientia
994 1061 1060 1082 non
1092 1051 1334 1093 comprobetur-3

771 1106 876 1136 neque
894 1095 1039 1126 eumdem
1053 1096 1127 1127 falsa
1145 1098 1337 1139 praesagiisse

772 1142 908 1182 arguerit
932 1143 1073 1183 quisquis
1096 1142 1235 1181 Tiberii,
1253 1145 1333 1175 Cali-

770 1187 868 1229 gulae,
887 1188 1009 1219 Claudii
1033 1195 1064 1218 et
1091 1189 1227 1220 Neronis
1258 1196 1335 1221 tem·

770 1243 848 1273 pora
871 1244 943 1263 eum
962 1234 1099 1275 Augusti
1117 1241 1208 1266 aetate
1225 1243 1334 1266 contu-

769 1279 852 1309 lerit.
880 1279 1019 1310 Aliunde
1057 1280 1146 1311 facile
1183 1280 1334 1323 confitear

770 1334 895 1354 omnem
914 1324 976 1355 sere
998 1331 1118 1356 aetatem
1140 1325 1179 1357 de
1199 1337 1258 1358 sno
1282 1338 1334 1358 sae-

770 1371 843 1401 culo
863 1378 1066 1412 conquestam
1091 1382 1172 1412 esse,
1187 1379 1264 1404 teste
1278 1375 1334 1405 Se-

769 1415 862 1455 neca,
892 1416 930 1447 de
958 1416 1095 1448 Benefic.
1119 1419 1151 1457 Ι,
1181 1429 1246 1459 19:
1264 1420 1334 1450 Hoc

770 1463 906 1504 majores
928 1463 1028 1494 nosen*
1041 1463 1143 1504 questi
1161 1471 1251 1502 sunt,
1273 1463 1332 1496 Ιωι·

772 1519 828 1539 nos
841 1509 1016 1550 querimur,
1035 1509 1093 1539 Ῐιοσ
1101 1510 1224 1551 posteri
1236 1513 1336 1542 nostri

770 1563 954 1596 querentur,
978 1566 1096 1586 eversos
1122 1567 1239 1594 mores,
1262 1568 1332 1600 reg-

772 1612 850 1631 nare
866 1601 1059 1643 nequitiam,
1079 1602 1111 1632 ἰη
1133 1601 1267 1633 deterius
1285 1614 1334 1634 res

772 1646 927 1678 humanas
947 1655 979 1678 et
996 1647 1029 1678 in
1041 1659 1132 1679 omne
1150 1647 1242 1690 nefas
1257 1649 1332 1680 labi.

772 1694 918 1724 —AEcas
930 1701 1120 1734 parentum,
1136 1695 1230 1736 pejor
1240 1695 1305 1726 avis
1323 1707 1334 1725 .-

769 1750 825 1780 per
842 1740 992 1781 ellipsim,
1012 1751 1088 1781 pro,
1100 1751 1229 1772 avorum
1245 1747 1334 1772 aetate

769 1786 868 1825 pejor.
894 1786 1035 1817 Observa
1058 1787 1214 1817 concisam
1236 1788 1334 1817 trium

769 1831 885 1862 horum
895 1831 1124 1863 versiculorum
1137 1832 1334 1873 elegantiam,

769 1887 861 1918 quam
878 1879 958 1918 pene
972 1877 1147 1918 adaequavit
1155 1888 1239 1908 unus
1253 1879 1336 1909 inter

770 1930 876 1963 poetas
900 1923 1026 1964 gallicos
1041 1924 1165 1954 Horatii
1183 1925 1336 1966 interpre-

771 1975 833 2006 tes,
852 1969 1189 2008 Lamothe-Hondard,
1206 1971 1241 2000 in
1267 1970 1336 2001 aliis

770 2015 835 2045 sive
862 2015 878 2045 ὲ
909 2013 1037 2053 Graecai,
1064 2015 1130 2046 sive
1153 2015 1169 2046 ὲ
1192 2017 1334 2048 Romana

770 2060 877 2102 lingua
892 2061 1146 2092 translationibus
1161 2060 1260 2093 multo
1274 2063 1332 2092 mi—

773 2104 833 2136 nus
850 2107 927 2137 felix
943 2117 951 2138 :

246 2209 329 2242 llIais
344 2219 404 2251 que
420 2207 593 2239 n’alterent
603 2207 699 2248 point
713 2207 758 2238 les
776 2214 875 2248 temps
893 2207 1111 2248 impitoyables
1122 2212 1138 2238 ‚³
