1456 2508
13 0 266 42 wwwmm
277 0 280 3 ,
293 0 308 13 „

522 137 600 170 Lm.
627 115 653 168 1‘
667 137 754 170 one
779 137 855 168 vn.
1259 134 1302 173 45

83 256 944 273 mssssmMMUSQ-ssssssffl‘hmmmn'mm
948 255 1067 268 ”1⁸OE
1073 253 1304 268 mmmffiwx

408 433 574 490 ODE
632 426 982 489 SEPTIMA

251 603 336 647 AD
381 601 758 648 MUNATIUM
800 600 968 645 PLAN
979 598 1139 644 CUM.

133 755 302 787 Munatius
326 754 478 793 Plancus,
506 755 556 785 vir
582 754 644 785 fuit
669 753 880 796 dignitatibus
904 752 1056 794 insignis,
1080 750 1152 791 sed,
1170 749 1308 782 durante

29 842 31 844 ,
83 809 247 841 bellorum
269 809 414 841 civilium
440 816 534 847 aestu,
559 819 692 840 summae
719 809 858 839 levitatis
880 814 911 838 et
933 807 1175 844 inconstantiae,
1198 803 1245 836 ita
1273 812 1311 835 ut

87 864 189 896 varias
202 864 471 896 contendentium
492 870 598 906 partes
618 862 719 894 nimia
738 863 890 893 facilitate
906 862 1155 904 amplecteretur
1169 859 1310 892 vicissim

87 925 120 950 et
138 918 308 952 desereret.
324 918 501 961 Postquam
518 920 688 960 Angustus
700 917 826 949 summa
843 928 952 948 rerum
973 917 1096 959 potitus
1111 922 1174 954 est,
1189 915 1225 946 iu
1242 923 1311 955 gra-

89 975 164 1006 tIam
180 976 339 1018 principis
360 976 467 1014 venit,
490 973 676 1016 quanquam
699 974 886 1016 Augustum
904 972 967 1003 sibi
988 983 1057 1003 non
1080 982 1121 1002 ex
1143 971 1252 1002 animo
1267 969 1311 1000 fa-

88 1042 164 1081 vere
179 1037 237 1062 aut
251 1030 325 1062 satis
339 1028 441 1062 fidere
462 1030 601 1062 Plancus
624 1029 829 1071 intelligeret.
849 1026 929 1058 Inde
952 1025 1027 1058 cum
1046 1037 1195 1069 magnam
1213 1026 1313 1057 animi

91 1085 305 1117 contraxisset
318 1084 562 1127 aegritudinem,
577 1084 800 1115 voluntarium
815 1084 851 1115 in
871 1083 1031 1114 Graeciam
1048 1081 1199 1113 exsilium
1214 1079 1314 1111 medi-

91 1142 152 1173 tari
172 1142 280 1184 coepit.
300 1140 399 1183 Quod
415 1140 589 1173 consilium
605 1139 683 1171 dum
699 1140 880 1182 approbare
897 1140 1000 1170 amico
1022 1149 1082 1169 suo
1098 1137 1227 1168 videtur
1245 1138 1314 1168 110-

91 1198 204 1236 ratius,
223 1203 378 1239 temperat
395 1204 522 1236 tamen,
542 1196 758 1238 hortaturque
772 1196 944 1234 Plancum,
969 1201 1007 1225 ut
1020 1218 1029 1234 ‚
1046 1194 1166 1225 relictis
1180 1192 1314 1236 quidem

92 1254 205 1286 Romae
220 1252 360 1291 deliciis,
375 1252 489 1284 relicto
502 1263 610 1283 rerum
625 1252 831 1294 publicarum
847 1251 1007 1290 tumultu,
1023 1248 1134 1292 potius
1149 1250 1184 1280 in
1197 1249 1315 1280 Tibur-

90 1300 197 1338 tinuin
214 1318 327 1350 agrum
342 1306 441 1349 quam
453 1308 488 1338 in
502 1308 661 1338 Graeciam
676 1307 801 1338 secedat
811 1329 819 1344 ‚
836 1317 975 1348 eumque
990 1306 1031 1336 ad
1043 1316 1133 1348 spem
1145 1304 1313 1335 meliorem

92 1363 202 1406 erigit,
227 1362 377 1405 exemplo
400 1364 539 1402 Teucri,
555 1364 611 1405 qui
627 1364 721 1403 jussu
740 1363 922 1394 Telamonis
938 1362 1039 1404 patris
1054 1361 1104 1391 sui
1119 1359 1137 1390 ἒι
1153 1357 1312 1392 Salamina

91 1419 249 1462 profugus
259 1441 269 1458 ,
298 1425 418 1450 sortem
448 1429 539 1448 suam
565 1419 725 1452 constanti
752 1419 861 1449 animo
889 1417 975 1449 tulit.
1003 1419 1100 1448 Hunc
1125 1415 1312 1448 Munatium

91 1472 246 1505 Plancum
260 1471 464 1504 conditorem
476 1472 556 1503 urbs
571 1472 768 1514 Lugdunum
784 1473 938 1514 agnoscit.

93 1603 332 1640 meemvr
352 1601 416 1640 alii
437 1609 446 1624 ¹
469 1602 612 1640 claram
631 1601 800 1640 Rhodon
819 1609 845 1650 ²,
867 1610 934 1640 aut
950 1601 1163 1653 Mitylenen
1181 1601 1209 1649 ³,

147 1740 176 1761 1.
202 1729 395 1761 Laudabunt
421 1729 484 1760 alii
500 1742 511 1761 .·
533 1730 674 1762 notanda

97 1776 136 1808 ab
149 1775 227 1808 odes
243 1777 339 1808 initio
351 1778 433 1807 mira
447 1777 625 1808 verborum
640 1779 674 1809 in

96 1823 308 1866 exprimenda
319 1824 384 1855 fere
396 1823 506 1855 eadem
519 1824 675 1856 sententia

96 1872 248 1910 varietas,
263 1871 444 1902 laudabunt
457 1871 519 1902 alii
523 1885 536 1909 ;
546 1890 592 1895 -——
601 1880 678 1902 sunt

96 1918 209 1961 quibus
221 1928 320 1950 rmum
336 1929 416 1960 opus
430 1927 479 1949 esc
490 1919 654 1950 celebrare
661 1932 674 1957 ;

96 1964 312 2008 —plurimus
324 1966 414 1997 dicit.

145 2023 178 2046 2.
207 2012 341 2044 Claram
369 2012 505 2044 Rhodon
528 2025 540 2044 :
563 2015 675 2045 stricto

96 2067 129 2092 et
143 2060 278 2102 proprio
301 2071 398 2091 sensu
421 2060 501 2092 dicit
526 2061 651 2092 claram
661 2085 671 2098 ,

97 2107 185 2150 quod
198 2106 305 2138 insula
328 2107 461 2139 Rhodos
470 2131 479 2146 ‚
505 2109 522 2139 ὁ
544 2110 675 2150 regione

98 2155 218 2187 Ciliciae
231 2155 268 2185 in
284 2155 366 2185 mari
381 2154 618 2186 Mediterraneo
634 2156 676 2185 si-

97 2208 143 2241 ta,
173 2201 252 2233 olim
279 2201 347 2234 Soli
371 2212 459 2233 sacra
469 2226 478 2242 ,
506 2202 677 2244 nunquam

97 2250 166 2289 ejus
179 2248 277 2280 radiis
294 2256 327 2280 et
336 2249 410 2281 luce
422 2248 554 2291 prorsus
569 2260 676 2280 carere

98 2296 301 2331 credebatur.
316 2298 394 2329 Erat
407 2304 513 2329 autem
529 2298 676 2329 amoenis·

730 1731 812 1762 simo
828 1731 892 1762 situ
902 1754 910 1768 ‚
925 1737 1026 1772 portu
1048 1729 1259 1774 Qplissimm
1277 1730 1314 1762 in

729 1789 797 1819 quo
820 1778 985 1809 visebatur
1006 1778 1119 1819 ingens
1145 1777 1226 1809 Solis
1250 1783 1313 1808 sta-

730 1833 804 1863 tua,
825 1836 922 1867 quam
947 1825 1117 1856 Colossum
1142 1824 1312 1856 vocabant.

729 1872 852 1903 Eodem
876 1883 973 1903 sensu
996 1873 1124 1913 scripsit
1145 1874 1312 1910 Lucanus,

731 1920 839 1951 Phars.
860 1922 960 1957 VIII,
989 1919 1055 1956 248
1081 1928 1090 1950 :
1113 1919 1313 1961 Clarumque

730 1967 861 2009 reliquit
879 1967 954 1997 Sole
973 1966 1120 1998 Rhodon.

779 2016 810 2046 3.
828 2014 1019 2054 Illiqylenem
1029 2026 1042 2051 ;
1058 2014 1236 2056 Mitylene,
1251 2013 1312 2045 ho-

729 2061 781 2092 die
797 2061 950 2098 Μέιεῖίη,
968 2061 1048 2092 urbs
1061 2062 1212 2102 primaria
1222 2063 1314 2093 insn-

728 2109 768 2139 1ae
787 2108 882 2140 Lesbi
899 2110 934 2140 in
950 2110 1032 2139 mari
1053 2110 1178 2150 AEgaeo‚
1204 2116 1237 2140 et
1252 2119 1313 2139 na-

732 2153 804 2186 ειινᾶ
819 2164 852 2186 et
865 2155 1080 2196 descriptione
1102 2154 1314 2199 oedg'ficiorum

732 2211 764 2233 ec
780 2203 1020 2244 pulchritudine
1050 2201 1198 2244 inprimis
1222 2203 1312 2234 nobi-

730 2250 770 2280 lis
778 2262 793 2287 ;
820 2252 890 2283 Cic.
913 2253 1003 2283 Orat.
1033 2250 1146 2282 contra
1177 2250 1313 2283 Rullum

731 2308 759 2329 c.
788 2303 840 2334 14.
