1456 2508
202 133 244 167 34
585 135 624 174 Q.
650 133 834 165 HORATH
858 134 1009 166 FLAccl

355 189 489 236 Navis,
509 203 592 239 quae
613 189 683 227 tibi
702 189 888 227 creditum
905 189 920 213 ⁵
1369 202 1383 225 5

405 248 532 286 Debes
551 249 752 299 Virgilium
771 249 910 287 finibus
928 250 1080 296 Atticis,

353 309 502 347 Reddas
521 309 766 356 incolumem,
787 322 942 359 precor,

406 371 454 405 Et
469 382 594 406 serves
614 370 747 406 animae
767 370 965 407 dimidium
983 381 1077 406 meae
1094 369 1120 406 ⁶.

356 427 415 464 Illi
432 428 553 465 robur
569 436 584 459 '7
603 437 639 466 et
658 442 709 466 aes
726 429 864 479 triplex

407 488 516 524 Circii
534 498 664 539 pectus
683 498 781 535 erat,
801 490 866 539 qui
886 488 1055 538 fragilem
1074 491 1173 526 truci
1350 508 1379 522 10

356 547 549 585 Commisit
567 548 700 598 pelago
718 557 838 585 ratem

407 606 553 644 Primus
572 608 598 654 ὅ,
618 621 688 645 nec
707 608 831 645 timuit
850 608 1083 658 praecipitem
1100 607 1271 646 Africum

352 667 617 704 Decertantem
634 667 901 717 Aquilonibus,

405 728 485 763 Nec
505 727 628 764 tristes
646 727 815 776 Hyadas;
835 741 904 764 nec
921 726 1065 764 rabiem
1083 727 1174 765 Noti
1191 735 1218 775 ⁹,

357 786 444 830 Quo
462 798 538 822 non
558 786 701 823 arbiter
719 786 903 823 Hadriae¹0
1354 796 1383 818 ιδ

407 847 550 897 Major,
567 847 699 884 tollere
717 859 782 883 seu
800 859 942 897 ponere
959 845 1040 883 vult
1060 845 1166 884 freta.

358 907 480 953 Quem
499 907 630 944 mortis
650 907 774 944 timuit
793 905 1002 956 gradum¹¹,

405 966 481 1012 Qui
500 967 607 1004 siccis
625 967 783 1005 oculis¹2
800 974 967 1003 monstra
985 965 1171 1012 natantia,

198 1123 267 1154 dus.
294 1124 414 1154 Gallice
437 1134 444 1155 :
464 1121 761 1155 uuest-nord—ouest.

246 1170 277 1200 5.
297 1170 474 1208 Creditum,
494 1170 603 1207 debes,
624 1170 764 1201 reddas:

196 1222 259 1246 tres
281 1224 357 1247 sunt
374 1227 469 1247 voces
495 1217 511 1247 ὲ
534 1226 568 1247 re
583 1218 764 1258 pecuniariis

197 1262 371 1301 translatae,
385 1269 417 1292 et
429 1263 492 1293 sibi
505 1263 643 1294 invicem
660 1265 763 1306 appri-

195 1308 246 1339 me
260 1309 495 1350 respondentes.

242 1355 274 1386 6.
294 1357 340 1386 Ec
350 1366 449 1387 serves
463 1355 581 1387 anima·
595 1355 762 1387 dimidium

195 1412 295 1438 meoe,·
315 1403 394 1432 mira
417 1403 533 1433 summi
555 1401 684 1433 affectus
708 1402 762 1433 de-

194 1448 339 1487 claratio,
354 1455 392 1479 ut
406 1449 488 1479 infra}
506 1447 545 1479 ad
559 1450 763 1480 Maecenatem

194 1501 361 1536 aegrotum‚
378 1497 426 1532 11,
450 1506 487 1534 17
509 1505 517 1525 ε
538 1495 612 1525 Ah!
636 1503 666 1525 te
682 1506 762 1526 meae

191 1541 220 1571 si
229 1549 356 1582 partem
379 1540 496 1572 animae
513 1541 598 1582 rapit
609 1541 763 1572 maturior

191 1587 255 1618 vis.

241 1645 271 1673 7,
289 1634 347 1664 Illi
359 1634 454 1664 robur
465 1644 476 1663 .·
489 1644 546 1674 per
557 1634 665 1663 locum
677 1644 759 1664 corn-

190 1690 320 1710 munem
342 1691 383 1710 ex
405 1690 439 1709 re
455 1679 523 1720 ipsu
540 1686 651 1709 natum
670 1681 758 1710 inve-

189 1726 278 1757 hitur
289 1728 324 1757 in
334 1727 533 1756 inventorem
543 1725 759 1756 funestissimae

189 1774 264 1803 artis
287 1772 472 1814 navigandi,
492 1782 564 1813 quae
587 1773 702 1802 amicos
719 1773 758 1803 ab

189 1819 297 1850 amicis
318 1818 382 1849 tiim
406 1819 521 1859 longo,
546 1817 611 1848 tum
630 1820 756 1859 pericu-

189 1866 257 1896 loso
275 1864 409 1896 discidio
424 1871 556 1906 separat.
572 1882 620 1889 —-
630 1865 736 1895 Robur
746 1877 757 1895 .·

188 1921 289 1954 genus
302 1909 440 1952 quercus
455 1917 510 1941 aut
523 1911 605 1941 ilicis
625 1911 755 1941 durissi-

188 1969 286 1988 mum.
301 1974 347 1981 —
370 1959 430 1989 AEs
445 1956 563 1998 triplex
577 1968 588 1988 .·
603 1964 669 1988 erat
685 1968 756 1999 pec-

190 2011 257 2035 tore
271 2003 406 2040 aheneo,
422 2003 535 2035 ferreo.

235 2051 266 2081 8.
282 2051 407 2081 Primus
420 2060 432 2080 .·
444 2057 574 2081 notetur
586 2047 755 2080 artificium

187 2107 252 2138 quo
266 2097 433 2128 dominans
445 2096 500 2127 illa
517 2107 583 2126 vox
601 2103 632 2126 et
645 2097 755 2137 praeci-

185 2153 249 2184 pua
263 2145 298 2174 iu
313 2143 460 2184 periodo,
477 2153 602 2173 versum
617 2142 755 2180 inchoet,

186 2196 362 2230 etnsensum
383 2191 475 2230 quasi
489 2189 675 2230 suspendat3
691 2188 755 2219 hoc

176 2232 306 2266 ¹dictum
318 2236 487 2267 tironibus.
497 2252 544 2259 —
555 2233 754 2276 Proecipitem

815 1123 961 1165 Africum
978 1135 989 1153 .·
1006 1129 1121 1154 ventus
1137 1123 1218 1154 flans
1241 1134 1282 1154 ex
1297 1124 1383 1155 Afri-

817 1170 852 1200 c&
863 1192 872 1208 ‚
902 1181 942 1200 ex
969 1176 1058 1211 parte
1079 1169 1292 1208 meridionali,
1319 1171 1383 1201 col-

815 1217 939 1247 luctans
957 1227 1031 1247 cum
1052 1216 1225 1258 Aquilone,
1246 1217 1304 1258 qui
1329 1216 1384 1247 flat

816 1273 858 1293 ex
870 1263 990 1293 boreali
1003 1269 1103 1303 parte⁴

862 1319 894 1349 9.
915 1309 1068 1348 Hyadas;
1091 1308 1188 1338 stellae
1214 1309 1250 1338 in
1276 1308 1382 1339 fronte

815 1356 930 1392 Tauri,
950 1361 1024 1385 ortu
1043 1361 1075 1385 et
1094 1364 1209 1384 occasu
1229 1364 1288 1384 suo
1310 1354 1382 1395 plu-

814 1402 898 1431 viam
913 1402 1050 1431 excitare
1065 1400 1208 1438 creditae,
1221 1401 1266 1430 sic
1279 1400 1384 1441 appel,-

813 1447 884 1478 latae
897 1447 914 1477 a
928 1447 1028 1477 verbo
1041 1457 1158 1489 graeco,
1171 1444 1244 1478 ὕειν.
1256 1463 1304 1470 -
1315 1448 1383 1477 Ra-

813 1493 895 1524 biem
922 1493 1018 1530 Νοιὶ,·
1048 1495 1165 1531 Notus,
1194 1498 1383 1524 ventus-est

814 1550 941 1581 quoque
959 1539 1191 1576 meridionalis,
1205 1540 1263 1580 qui
1275 1539 1382 1578 solus,

813 1596 871 1616 nec
887 1597 959 1616 cum
972 1587 1126 1628 oppositis
1138 1586 1240 1616 ventis
1257 1584 1379 1616 coune-

812 1639 881 1662 tans
894 1633 946 1662 hic
959 1631 1185 1663 consideratur.

863 1689 914 1709 xo.
937 1681 1007 1720 Quo
1025 1690 1090 1709 non
1112 1677 1231 1708 arbiter
1247 1676 1380 1708 Hadrioe

811 1724 934 1765 major,
963 1726 1021 1765 qui
1045 1735 1205 1755 summum
1231 1725 1266 1755 in
1293 1733 1380 1754 mare

811 1771 1026 1801 Hadriaticum
1053 1771 1106 1809 jus
1142 1777 1174 1800 et
1209 1770 1378 1811 imperium

810 1824 947 1847 exercet.
963 1835 1009 1841 --
1024 1815 1248 1847 Hadriaticum
1266 1826 1355 1847 mare
1362 1828 1377 1852 ,-

809 1863 920 1902 hodie,
935 1862 1030 1906 Goife
1044 1863 1084 1893 de
1097 1865 1128 1892 V
1125 1862 1224 1894 enise-

860 1921 872 1940 1
883 1921 910 1941 1.
938 1911 1038 1950 Quem
1061 1908 1169 1939 mortis
1181 1907 1288 1939 timuit
1297 1918 1375 1950 grae-

808 1957 881 1987 dum
893 1960 911 1987 ‚³
923 1955 1009 1997 quod
1021 1966 1122 1998 genus
1134 1956 1241 1986 timuit
1252 1955 1379 1992 mortis,

808 2013 880 2044 quae
897 2002 936 2033 ad
960 2013 1019 2033 nos
1041 2007 1190 2043 properat
1207 2001 1298 2042 quasi
1318 2011 1377 2042 per

1444 1798 1456 1879 ,μι--ή
1440 1752 1455 1789 ·’·ὀ
1444 1727 1456 1738 ;

808 2049 940 2090 gradu3‚
968 2059 1048 2089 quos
1071 2048 1243 2078 accelerare
1266 2046 1375 2078 viden·

808 2102 862 2126 tur
875 2096 931 2136 qui
945 2094 1085 2135 pericula
1098 2094 1264 2125 lacessunt.

858 2153 910 2172 12.
931 2140 995 2182 Qui
1018 2140 1107 2171 siccis
1129 2139 1246 2176 eculin
1273 2139 1318 2170 sic
1338 2140 1374 2170 iu

807 2188 914 2220 Phars.
932 2189 998 2225 IX,
1015 2193 1102 2224 1044
1121 2196 1130 2218 :
1152 2186 1216 2228 Qui
1228 2185 1310 2217 sicco
1327 2185 1375 2216 Iu-

807 2234 892 2266 mine
901 2244 1030 2275 campos
1039 2234 1173 2265 Viderat
1180 2231 1373 2264 AEmatlzios.
