1456 2508
549 105 630 137 LIB.
654 105 671 135 1
696 104 787 136 ODE
809 103 905 135 vm.
1292 102 1331 133 51

110 167 221 204 Inter
238 164 407 217 aequales
426 164 595 216 equitet,
617 164 765 204 Gallica
782 175 855 201 nec
872 161 1015 214 lupatis

157 254 178 267 s
324 229 534 279 Temperet
554 239 623 265 ora
643 226 797 265 fraenis?
816 225 832 248 ⁶

111 287 193 329 Cur
209 288 319 328 timet
338 296 353 320 7
372 289 517 327 flavum
535 289 709 328 Tiberim
730 289 911 340 tangere?
932 299 1002 326 cur
1022 284 1169 325 olivum
1188 285 1203 308 ⁸

325 352 521 404 Sanguine
541 352 719 404 viperino

112 412 273 452 Cautius
291 413 413 452 vitat?
428 427 555 465 neque
568 414 648 466 jam
666 414 787 453 livida
805 423 820 446 ⁹
837 421 960 466 gestat
978 411 1094 451 armis
1304 426 1335 442 ¹0·

326 474 508 522 Brachia,
527 476 628 526 saepe
647 475 772 524 disco,

105 512 224 588 'Saepe
245 545 350 575 trans
369 537 484 575 finem
500 538 632 589 jaculo
651 538 793 576 nobilis
812 535 1021 588 expedito?

327 597 433 644 Quid
453 598 563 645 latet,
585 606 628 635 ut
647 600 806 637 marinae

111 656 252 695 Filium
268 657 401 696 dicunt
419 657 633 697 Thetidis¹0
652 659 725 698 sub
746 660 947 698 lacrimosa
963 656 1091 697 Troiae

323 722 354 758 F
356 729 527 767 unera11,
545 735 593 758 ne
614 721 735 759 virilis

1302 725 1333 749 15

110 780 244 819 Cultus
266 780 307 819 in
322 782 467 820 caedem
485 792 524 821 et
545 783 682 834 Lycias
702 783 923 835 proriperet
942 781 1181 820 catervas?¹²

158 943 193 976 6.
222 942 356 975 Gallica
374 954 436 975 nec
453 943 573 986 lupatis
600 946 692 975 Tem-

105 998 201 1032 peret
214 990 411 1034 orafiaenis.
422 994 487 1024 Ora
501 992 693 1034 gallicorum

111 1049 271 1080 equorum
279 1062 288 1078 ‚
297 1040 355 1081 qui
363 1062 371 1078 ‚
386 1040 561 1071 ferociores
576 1040 691 1078 hahiti,

106 1084 300 1118 difficillimi:
312 1087 589 1129 temperabantur,
606 1099 691 1130 rege-

110 1132 245 1173 bantur,
260 1135 558 1177 compescebantur.
574 1152 622 1159 —-—
632 1137 692 1166 Lu-

105 1180 195 1222 patt's
217 1179 339 1224 froem‘s
367 1194 379 1213 .-
410 1183 510 1214 fraena
534 1184 691 1214 instructa

109 1228 303 1270 quibusdam
330 1231 469 1273 asperis,
498 1231 691 1272 lupinorum

107 1275 256 1308 dentium
272 1278 384 1317 instar,
397 1278 533 1317 aculeis,
547 1289 616 1310 non
628 1280 691 1310 nisi

107 1325 198 1366 equis
212 1324 419 1356 vividissimis
437 1325 689 1358 adhibebantur.

109 1370 211 1403 Duris
218 1382 342 1414 parere
359 1372 499 1415 lupatis,
518 1375 610 1417 Virg.
628 1375 688 1406 Ge.

109 1419 178 1459 111,
208 1420 288 1452 208.
329 1422 437 1463 Asper
473 1432 574 1463 equus
603 1421 692 1452 durzs

106 1467 318 1509 vcontunditur·
345 1479 405 1500 ora
427 1469 567 1510 lupatis,
589 1469 688 1501 Ovid.

108 1511 223 1548 Amor.
239 1518 269 1555 Ι,
288 1526 307 1546 2
319 1539 328 1555 ‚
351 1517 404 1549 15.

158 1573 190 1604 7.
205 1563 273 1595 Cur
284 1563 377 1595 timec
388 1572 522 1607 tangere
535 1576 547 1595 :
560 1564 615 1595 hic
630 1575 689 1596 no-

110 1617 183 1650 vam
191 1611 351 1654 phrasim
341 1613 485 1654 incipere
494 1611 590 1643 docet
599 1613 687 1644 mod.

109 1656 275 1691 indicativ.
289 1659 438 1691 Verbum
454 1667 561 1691 autem
581 1662 688 1703 ipsum

107 1711 244 1749 tangere
259 1707 386 1739 eximiae
412 1714 460 1738 est
486 1710 687 1739 concinnita-

107 1753 172 1793 tis;
201 1764 270 1786 non
294 1755 379 1786 enim
403 1762 567 1787 transnare
591 1756 687 1787 Tibe-

106 1801 189 1841 rim,
215 1801 271 1833 sed
303 1802 357 1834 vel
384 1814 542 1835 summam
573 1815 686 1845 aquam

106 1848 229 1890 pedum
261 1849 380 1893 plantis
409 1850 551 1882 delibare
586 1852 686 1883 refor-

106 1896 222 1928 midat.

157 1944 189 1976 8.
209 1944 274 1975 Cur
286 1944 427 1976 olivum:
452 1946 510 1988 qui
534 1957 567 1977 se
590 1946 688 1977 luctae

106 1991 334 2034 accingebant,
358 1993 446 2024 olivo
468 1994 684 2036 ungebantur.

105 2038 240 2082 Sybaris
254 2039 374 2072 luctam
391 2040 521 2082 refugit.
534 2060 581 2065 —-
602 2044 686 2072 San-

101 2086 206 2130 guine
218 2087 387 2129 viperino,
405 2090 464 2129 qui
476 2089 565 2120 inter
583 2088 686 2121 effica-

102 2135 229 2166 cissima
245 2146 370 2166 venena
383 2135 574 2168 habebatur.

152 2193 186 2225 9.
206 2184 324 2226 Neque
341 2183 410 2224 jhm
436 2183 573 2216 livida...

103 2237 168 2270 θεῖς
187 2230 259 2270 ille,
280 2233 339 2273 qui
360 2232 444 2274 saepe
467 2230 584 2273 saepius
596 2233 684 2272 jacu-

102 2277 173 2310 lum
205 2285 262 2311 aut
292 2279 416 2311 discum
450 2279 535 2310 ultra
566 2287 684 2311 metam

578 2185 685 2216 .ord0

748 944 927 976 emittendo
967 954 1033 974 sese
1076 942 1305 973 nobilitaverat
1322 965 1330 980 ,

747 1003 816 1023 non
833 992 899 1032 jam
917 991 1047 1022 brachia
1069 997 1190 1032 gestat,
1212 988 1246 1020 id
1265 997 1329 1026 est,

747 1040 844 1071 habet
867 1040 964 1071 armis
985 1039 1136 1075 liventia;
1164 1036 1239 1079 quia
1259 1037 1329 1068 scil.

745 1087 779 1118 id
795 1098 957 1118 armorum
971 1087 1023 1118 vel
1038 1087 1329 1117 instrumentorum

744 1147 847 1179 genus
861 1136 961 1178 longo
973 1135 1046 1166 loro
1060 1133 1145 1165 circa
1161 1132 1331 1163 brachium

744 1183 948 1226 illigabatur,
962 1182 1051 1213 unde
1063 1182 1159 1212 livor.

797 1242 850 1263 10.
867 1231 984 1262 Filium
1006 1228 1147 1261 Thetidis
1165 1227 1305 1260 marinoe
1315 1242 1328 1268 ς

745 1279 924 1316 Achillem,
942 1279 996 1309 cui
1010 1285 1112 1308 mater
1127 1277 1251 1319 Thetys
1263 1289 1331 1309 una

745 1338 787 1358 ex
803 1328 925 1359 Oceani
949 1325 1090 1357 deabus:
1107 1323 1214 1355 filium
1232 1336 1330 1356 suum

746 1375 819 1406 ante
843 1375 974 1414 Trojam
998 1374 1182 1417 periturum
1210 1383 1331 1416 cogno-

745 1429 835 1454 verat
847 1445 856 1460 ‚
888 1432 1029 1463 eumque
1060 1419 1212 1452 foeminea
1241 1427 1330 1453 veste

744 1470 897 1501 indutum
912 1471 946 1500 in
957 1468 1028 1500 aula
1042 1468 1237 1511 Lycomedis
1246 1470 1330 1511 regis

744 1518 858 1549 insulae
886 1518 981 1559 Scyri
1011 1516 1240 1555 absconderat,
1269 1517 1328 1548 ubi

745 1566 784 1597 ab
810 1566 926 1608 Ulysse
952 1565 1116 1604 detectus,
1139 1564 1180 1595 ad
1202 1564 1326 1596 bellum

742 1615 909 1656 profectus
939 1621 996 1645 est.
1023 1612 1108 1643 Vide
1147 1613 1326 1654 elegantem

740 1662 839 1701 hujus
853 1661 926 1692 sacti
942 1661 1194 1702 descriptionem
1210 1661 1245 1691 in
1259 1671 1328 1692 ora·

742 1712 830 1741 tione
849 1709 975 1752 Elyssis
999 1707 1114 1740 contra
1134 1708 1267 1747 Ajacem
1282 1709 1327 1740 A·

742 1758 857 1789 chillea
872 1768 958 1789 arma
976 1756 1221 1795 contendentis,
1239 1756 1325 1798 apud

742 1806 839 1838 Ovid.
874 1807 1007 1838 Metam.
1036 1806 1137 1844 XIII,
1175 1805 1257 1843 162,
1294 1812 1326 1835 et

742 1854 847 1884 multo
874 1853 1122 1896 locupletiorem
1146 1853 1182 1883 in
1206 1854 1325 1891 Statio,

742 1901 862 1933 Achill.
882 1902 941 1932 IV.
957 1903 1024 1934 Nec
1043 1900 1150 1942 legere
1174 1899 1325 1943 dedigne-

742 1950 785 1979 ris
816 1956 970 1980 octavum
1003 1949 1115 1980 Bionis
1145 1948 1321 1991 Idyssium,

742 1997 955 2028 amoenissima
962 1997 1130 2037 voluptate
1140 1995 1322 2035 conditum,

741 2043 782 2075 de
805 2045 944 2075 Achillis
961 2052 994 2076 et
1016 2043 1193 2075 Deidamiae
1210 2045 1324 2075 amori-

740 2091 813 2124 bus.

791 2151 805 2170 1
817 2151 844 2173 1.
864 2141 927 2170 Sub
953 2139 1127 2171 lacrimosa
1150 2138 1255 2170 Troioe
1263 2138 1324 2183 fic-

739 2197 819 2218 nera
834 2199 846 2218 :
865 2189 1004 2220 instante
1019 2188 1126 2226 Trojae
1145 2186 1251 2218 ruina.

792 2246 844 2267 12.
866 2238 906 2267 In
927 2236 1044 2277 Lycias
1064 2234 1247 2276 proriperet
1267 2246 1322 2266 ca-

739 2289 845 2314 cervas
862 2295 874 2314 .·
889 2294 969 2326 quas
993 2282 1160 2326 Sarpedon
1183 2294 1243 2314 rex
1260 2286 1325 2326 Ly·
