1404 2482
468 108 549 140 Lm.
574 106 624 138 111
649 107 738 138 ODE
762 103 888 140 XXIV.
1232 112 1299 142 315

291 176 360 214 Vel
382 188 454 214 nos
474 176 514 213 in
534 186 640 211 mare
658 174 879 224 proximum

183 241 383 285 Gemmas,
405 245 444 274 et
459 234 629 287 lapides,
646 247 783 272 aurum
803 244 840 274 et
858 235 993 274 inutile
1007 266 1016 283 ,

289 298 439 336 Summi
459 295 660 334 materiem
677 296 790 342 mali,

181 359 396 397 Mittamus!
415 359 613 397 Scelerum
631 358 663 395 si
683 357 783 396 bene
802 358 976 409 poenitet,

292 419 495 459 Eradenda
514 420 710 471 cupidinis

184 483 292 521 Prav?
317 491 407 521 sunt
423 482 612 520 elementa
630 490 680 529 ¹²3
702 491 740 520 et
757 491 899 520 tenerae
919 481 1032 519 nimis

290 545 440 581 Mentes
461 542 726 594 asperioribus

182 603 409 643 Formandae
427 604 575 642 studiis..
596 604 730 643 Nescit
749 617 851 654 equo
868 604 979 642 rudis

289 667 447 703 Haerere
467 665 655 716 ingenuus
667 678 778 716 puer,
1266 676 1296 699 s:

182 726 402 777 Venarique
425 726 550 774 timet,
573 726 707 764 ludere
728 726 880 764 doctior

289 790 367 826 Seu
382 800 510 838 graeeo
524 787 662 838 jubeas
681 788 818 825 trocho
833 816 842 833 ‚

186 852 263 888 Seu
278 849 388 886 malis
406 849 525 886 vetita
542 848 690 899 legibus
712 849 816 895 alca⁴23

78 970 182 1000 tutori
207 968 456 1007 consecrandam,
481 970 566 1000 inter
589 968 659 999 cla-

80 1026 184 1048 mores
213 1015 358 1060 faventis
391 1015 507 1059 populi
543 1015 662 1047 defera-

78 1074 164 1096 mus,
176 1064 229 1096 stc
248 1063 333 1103 illae,
348 1074 421 1106 quae
452 1064 487 1094 in
506 1074 569 1095 usu
594 1064 659 1104 pri·

78 1117 152 1142 vato
162 1121 287 1150 ,mores
299 1109 541 1151 corrumpendo
549 1133 558 1149 ,
571 1110 657 1154 dam-

77 1168 166 1190 110⁵ae
189 1164 284 1196 sunt,
313 1157 368 1200 pia
393 1158 650 1195 consecratione,

76 1205 168 1236 Jov-is
205 1205 423 1247 patrocinium
463 1204 652 1246 reipublicae

714 975 899 1007 asserentes,
911 968 1083 1000 utilitatem
1097 980 1299 1012 consequen-

715 1023 780 1047 tur.
795 1017 885 1044 ——V
883 1015 915 1046 el
939 1027 997 1046 nos
1013 1016 1047 1047 in
1071 1027 1162 1048 mare
1177 1018 1296 1059 prosci-

711 1074 799 1094 mum
815 1074 826 1093 .·
843 1063 901 1104 qui
922 1062 1047 1094 felicius
1067 1064 1161 1095 locus
1182 1065 1237 1096 ille
1261 1066 1298 1096 il-

709 1110 901 1141 lustrabitur
920 1110 1018 1152 qnzim
1035 1110 1118 1142 mira
1134 1111 1188 1143 illa
1211 1114 1243 1144 J.
1258 1114 1297 1144 B.

710 1158 833 1189 Russaei
848 1158 1029 1188 imitatione
1041 1181 1049 1196 ,
1065 1158 1128 1190 Od.
1143 1161 1192 1198 11,
1212 1160 1243 1199 8,
1256 1160 1298 1190 ad

710 1204 890 1236 marchion.
911 1206 960 1236 De
974 1207 1016 1236 La
1029 1207 1109 1236 Fare
1120 1207 1135 1236 Ξ)

266 1287 441 1320 Re'servons
447 1299 536 1331 pour
549 1299 608 1319 nos
628 1287 835 1319 tabernac-les

270 1343 331 1374 Cet.
343 1354 390 1380 or,
408 1354 461 1374 ces
475 1343 580 1381 rubis,
604 1353 656 1374 ces
674 1342 830 1380 me'caux;

270 1399 322 1430 Oa
338 1397 424 1430 dans
436 1398 468 1431 Ie
482 1398 556 1430 sein
575 1399 634 1431 des
649 1410 734 1430 mers
748 1398 858 1430 avides

267 1454 382 1485 [σωκ-τ
394 1465 448 1485 ces
461 1453 616 1486 richesses
623 1454 782 1498 perfides,

273 1508 432 1551 L'um'qtte
453 1508 594 1540 e'Idmenc
609 1509 650 1541 de
670 1521 730 1540 nos
751 1519 865 1540 murex.

133 1607 186 1630 ω’».
196 1598 379 1630 studenda
390 1599 551 1642 cttpt‘dinis
562 1601 663 1632 Pravi

80 1651 157 1676 sum
169 1645 334 1677 elementa
345 1657 358 1677 .·
373 1646 526 1679 radicitus
548 1650 662 1679 exstir-

80 1691 190 1736 pmdn·
206 1700 284 1724 cunt
300 1695 457 1734 avaritiae,
477 1693 539 1736 qus·
563 1696 661 1726 animi

80 1739 300 1781 dvpnvantur
309 1763 319 1779 ‚
334 1743 516 1773 semina.—-
522 1744 657 1773 Tener-a·

83 1785 182 1818 nimis
194 1797 208 1818 .·
225 1786 363 1819 nimium
387 1789 500 1820 molles
526 1797 558 1820 et
582 1789 658 1820 effe-

81 1835 221 1867 minatae.
230 1851 278 1859 —
288 1836 510 1877 Asperioribus
525 1836 638 1867 studiis
647 1848 659 1867 :

80 1882 334 1923 comparativum
366 1883 466 1922 illud,
485 1883 660 1925 asperiori-

81 1927 151 1966 bus,
174 1930 352 1971 opponitur
379 1933 424 1974 τῷ
449 1930 546 1961 nimis
571 1939 656 1971 tene-

83 1975 301 2007 rae.—Nescie
314 1988 396 2019 equo
414 1977 503 2009 rudis
520 1973 654 2009 Hae'rere

81 2021 240 2066 ingenuus
261 2034 367 2065 puer:
383 2035 456 2066 pars
480 2027 658 2057 institutio-

81 2071 132 2100 nis
144 2069 304 2101 nobilium
319 2082 497 2113 puerorum
510 2080 579 2103 erat
588 2096 597 2111 ‚
608 2083 659 2103 ars

81 2117 246 2158 equitandi
260 2124 293 2148 et
306 2119 456 2151 venandi.
470 2119 554 2150 Vide
568 2130 657 2160 supr.

82 2163 145 2196 Od.
159 2166 175 2195 1
185 2186 196 2202 ,
214 2164 247 2203 8,
260 2175 276 2204 7
293 2171 325 2195 et
340 2165 371 2203 8,
383 2166 548 2207 quomodo
562 2166 660 2208 Syba-

80 2212 126 2242 ris
152 2212 341 2251 incusetur,
362 2213 496 2254 propter
529 2220 658 2255 turpem

80 2259 114 2289 in
147 2259 187 2290 iis
219 2258 340 2290 artibus
365 2261 558 2301 imperitiam
569 2283 578 2298 ‚
603 2267 660 2291 aut

714 1600 826 1630 saltem
838 1599 1079 1641 negligentiam.
1091 1617 1138 1622 —
1154 1599 1277 1630 Troe-lto
1286 1612 1298 1630 :

715 1646 841 1678 tmcbus
855 1644 1012 1689 (τρόχος)
1023 1646 1165 1677 circulus
1176 1657 1296 1687 aeneus,

714 1702 794 1726 rotae
812 1694 924 1724 similis
936 1717 944 1731 ‚
960 1704 1056 1734 quem
1071 1695 1165 1735 pueri
1183 1694 1299 1726 luden-

715 1749 761 1773 tes
784 1741 872 1783 virgzi
894 1741 995 1772 ferrea
1013 1741 1297 1783 circumagebant,

714 1788 793 1820 dum
823 1788 916 1819 valde
954 1788 1198 1819 delectabantur
1230 1790 1299 1829 ejus

713 1837 864 1878 strepitu,
882 1847 978 1876 quem
991 1837 1112 1867 annexi
1125 1836 1238 1867 annuli
1252 1838 1299 1866 in-

714 1891 762 1914 ter
772 1883 932 1925 agendum
947 1883 1098 1914 edebant.
1109 1883 1275 1914 ——Groeco
1289 1894 1299 1913 .-

714 1931 732 1962 ὸ
754 1930 880 1961 Graecia
898 1931 982 1960 enim
1002 1932 1038 1961 in
1055 1930 1179 1960 Italiam
1199 1937 1300 1961 trans-

708 1977 810 2008 latum
836 1978 942 2008 fuerat
958 1977 1022 2008 hoc
1038 1979 1298 2008 instrumentum

710 2024 871 2055 lusorium
893 2036 901 2062 ;
922 2025 1157 2066 groecabantur
1189 2023 1299 2065 igitur,

711 2079 750 2102 nt
776 2072 853 2104 infr.
871 2074 934 2104 Sat.
958 2073 990 2101 ΙΙ
1002 2094 1010 2109 ,
1032 2083 1050 2102 ¹2
1064 2094 1072 2109 ‚
1096 2082 1108 2100 1
1120 2081 1148 2108 1,
1165 2070 1296 2109 dicitur,

711 2120 804 2160 pueri
845 2119 998 2150 Romani.
1056 2120 1215 2149 Dffianm.
1252 2137 1299 2142 —-

714 2168 747 2195 V
744 2163 824 2196 etita
843 2165 965 2208 legibus
989 2163 1066 2195 αΙεᾶ
1078 2177 1089 2195 .·
1105 2165 1232 2206 legibus
1247 2177 1301 2196 ve-

713 2213 805 2243 titam
821 2213 918 2243 fuisse
931 2235 939 2250 ,
954 2213 1069 2242 titulus
1082 2212 1136 2242 ille
1148 2212 1188 2243 de
1200 2213 1302 2243 Alea-

714 2260 850 2297 toribus,
886 2259 945 2291 lib.
983 2261 1032 2290 xl
1065 2259 1298 2291 Pandectarum
