1404 2482
463 120 542 151 LIB.
567 120 618 151 111
641 121 730 152 ODE
753 122 894 153 XXVII.

191 195 208 213 ει
228 177 410 216 Barbarae
426 179 564 230 pellex.
581 194 597 212 υ
616 178 761 217 Aderat
775 180 955 230 querenti

192 238 388 278 Perfidum
402 239 532 277 ridens
545 242 676 279 Venus
690 240 732 289 ¹⁸,
752 249 790 278 et
808 241 968 279 remisso

380 301 499 339 Filius
519 315 624 339 arcu.

194 365 291 400 Mox
310 359 380 400 uhi
398 363 488 400 lusit
507 360 598 400 satis
618 369 648 392 ¹⁹
664 375 673 398 :
696 378 712 396 «
733 362 939 401 Abstineto
951 393 962 411 ‚

192 439 209 459 ι
224 422 352 475 Dixit,
366 423 513 462 irarum
524 454 535 474 ‚
551 423 763 476 calidaeque
778 424 895 473 rixae,

194 506 210 523 ι
227 491 326 527 cum
345 487 418 525 tibi
437 487 582 526 invisus
600 487 803 525 laceranda
823 487 959 526 reddet

380 566 395 582 α
417 551 571 587 Cornua
590 557 737 587 taurus.

194 629 210 646 «ι
229 612 342 650 Uxor
358 611 492 649 invicti
511 611 618 649 Jovis
638 624 721 648 esse
737 611 860 649 nescis
876 612 933 647 ²0?

195 690 210 707 «κ
227 673 340 710 Mitte
359 672 567 722 singultu53
587 671 686 709 bene
708 671 808 708 ferre
825 684 1002 722 magnam

195 750 210 767 α
229 733 344 771 Disce
363 733 575 779 fortunam3
597 740 663 769 tua
678 740 805 769 sectus
823 731 930 769 orbis
1275 745 1306 777 :⁵

383 810 400 828 ι
417 793 582 831 Nomina
597 792 724 830 ducet.
739 808 755 826 »e

89 915 210 959 gitimae
218 916 331 946 uxoris
340 913 465 945 aemula.
479 911 666 945 Concnbina

90 962 199 994 nutem
210 973 300 1004 quae,
322 960 393 992 sine
406 962 502 1001 justis
520 961 663 1002 nuptiis,

93 1011 167 1042 viro
195 1010 300 1042 libero
337 1016 397 1040 aut
423 1008 532 1040 soluto
556 1007 663 1039 adhae-

89 1063 151 1089 ret.

145 1104 198 1138 18.
225 1103 355 1136 Aderat
376 1101 536 1146 quaerenti
561 1103 663 1147 Perfi-

89 1152 167 1183 dum
189 1151 299 1184 ridens
317 1153 351 1182 V
347 1162 426 1182 enus
438 1162 450 1181 :
465 1158 538 1193 post
552 1151 667 1182 oratio-

89 1209 166 1231 nem
190 1200 287 1246 tantis
311 1198 484 1230 affectibus
517 1198 645 1240 plenam
656 1222 665 1237 ‚

88 1246 170 1289 quid
188 1245 379 1278 delectando
399 1246 514 1276 lectori
542 1256 667 1276 accom-

87 1294 262 1333 modatius,
270 1292 368 1335 quaim
375 1293 561 1324 suavissima
570 1293 624 1323 illa
632 1297 667 1322 in

87 1352 204 1385 genere
212 1338 345 1383 prorsus
355 1342 506 1382 opposito
516 1340 667 1381 pictura?

87 1390 128 1420 Iu
137 1387 203 1420 unxi
215 1387 340 1420 tabellae
348 1395 439 1430 parte
446 1389 598 1429 Europen
615 1398 663 1417 as·

86 1437 179 1479 picis,
193 1438 229 1468 in
238 1436 376 1479 gemitus
382 1443 413 1466 et
421 1436 667 1476 imprecationes

87 1490 310 1526 erumpentem
321 1507 330 1522 ,
352 1490 384 1514 et
400 1483 440 1514 de
457 1482 524 1513 sola
544 1482 667 1513 violen-

89 1538 130 1564 tae
139 1532 227 1562 necis
241 1532 347 1573 specie
362 1530 594 1561 deliberantem
606 1541 615 1567 ;
629 1530 664 1559 in

89 1577 189 1610 alteri
194 1580 357 1610 Venerem
369 1578 486 1621 puellae
495 1576 664 1609 doloribus

88 1625 230 1670 maligno
245 1627 313 1657 risu
330 1626 541 1656 insultantem
554 1648 563 1663 ,
581 1631 612 1654 et
630 1622 665 1653 fi-

86 1672 171 1705 lium
181 1674 319 1705 Veneris
329 1696 338 1711 ,
353 1673 515 1715 reportata
529 1671 568 1703 de
582 1673 666 1703 Jove

90 1727 123 1752 et
143 1719 183 1752 de
205 1720 328 1752 infelici
343 1719 510 1752 Phoenissa
530 1716 665 1750 victorizi

87 1767 266 1812 superbum
277 1791 286 1807 ‚
301 1778 380 1799 arcu
402 1767 506 1798 otiose
520 1767 663 1803 remisso,

87 1815 182 1858 quasi.
199 1839 209 1854 ,
255 1822 331 1858 post
371 1816 537 1857 geminum
574 1813 665 1843 hunc

87 1862 292 1906 triumphum
302 1886 312 1901 ‚
335 1862 419 1893 nihil
442 1861 507 1892 sibi
523 1859 661 1902 amplius

88 1910 248 1953 agendum
265 1916 357 1941 esset.
367 1911 473 1951 Digna
487 1908 563 1940 vere
577 1918 663 1948 egre-

89 1957 149 2001 giis
175 1958 279 1990 nostri
304 1958 459 1999 temporis
481 1955 662 1998 pictoribus

91 2005 168 2036 artis
181 2014 247 2036 suae
256 2004 402 2035 materies
415 2005 423 2035 Σ

141 2061 194 2093 19.
207 2050 290 2082 Min.-
305 2049 358 2082 ubi
372 2051 449 2082 lusit
455 2048 536 2080 satis
548 2060 560 2080 .·
573 2060 662 2087 mox,

89 2097 150 2132 uhi
163 2098 182 2130 ὲ
199 2098 323 2130 crudeli
336 2098 394 2129 illo
416 2097 599 2140 spectaculo
617 2104 664 2127 sat

87 2142 266 2189 voluptatis
277 2146 457 2188 percepisse
466 2155 499 2175 se
513 2143 665 2177 credidit.

89 2190 199 2238 Quhm
208 2191 346 2225 mirifice
362 2191 593 2224 adumbratum
614 2199 664 2223 est

87 2241 186 2273 unico
205 2240 264 2273 illo
280 2239 458 2279 vocabulo,
479 2238 576 2278 lusit,
594 2241 661 2270 Ve-

514 2321 902 2340 ——-4063·——-

721 913 808 943 neris
837 913 1022 955 ingenium!
1040 930 1087 936 —-
1113 913 1304 956 Calidaeque

719 960 828 991 rixoe:
847 967 879 990 et
897 961 1074 991 rixaeillius
1093 971 1191 1002 qnam
1209 968 1304 994 tauro

719 1007 780 1038 tibi
791 1009 915 1050 ignoto,
923 1019 990 1050 prae
1000 1009 1167 1050 sanguinis
1178 1009 1301 1046 calore,

719 1065 787 1096 prae
815 1055 863 1086 ira
882 1056 1007 1087 nullam
1034 1057 1150 1087 seriam
1176 1067 1305 1088 causam

720 1102 876 1142 habente,
896 1105 1048 1135 intentas.
1068 1121 1117 1128 —-
1148 1103 1228 1134 Ciam
1249 1104 1306 1135 eibi

720 1149 839 1181 invisus
849 1162 860 1180 :
875 1151 1010 1182 ironice.
1025 1168 1072 1174 —-
1104 1152 1304 1183 Laceranda

721 1198 835 1229 reddet
854 1198 985 1229 Cornua
999 1206 1110 1229 taurus
1120 1210 1131 1229 .·
1146 1197 1221 1229 cum
1237 1206 1303 1230 tau·

721 1255 777 1275 rus
794 1246 849 1276 ille
870 1256 968 1287 quem
989 1245 1079 1276 ardes
1098 1245 1301 1287 discerpere,

722 1303 807 1323 verae
832 1293 944 1324 formae
966 1293 1132 1332 redditus,
1155 1294 1243 1325 ultre)
1260 1294 1302 1325 ad

723 1345 754 1369 te
778 1342 907 1379 veniet,
924 1341 1122 1382 supplicium
1148 1340 1238 1382 quod
1260 1341 1302 1373 ab

722 1397 761 1417 eo
775 1389 924 1429 exposcis
941 1411 950 1427 ,
965 1390 1034 1419 sine
1059 1387 1209 1430 querela,
1232 1390 1302 1421 sine

720 1442 824 1474 metu,
842 1435 1022 1467 subiturus.

769 1493 824 1515 20.
857 1485 951 1514 Uxor
971 1481 1084 1513 invicti
1116 1482 1202 1512 Iovis
1229 1494 1297 1514 esse

719 1530 824 1560 nescis
833 1533 850 1560 ,ν’
861 1538 940 1561 noto
955 1529 1160 1565 hellenismo,
1172 1541 1232 1572 pro
1251 1541 1303 1562 ne-

719 1578 800 1615 scis,
823 1589 892 1608 non
914 1577 1068 1619 intelligis
1090 1584 1121 1607 te
1141 1588 1206 1608 esse
1225 1588 1304 1609 uxo-

721 1635 788 1654 rem
818 1625 935 1656 Jovis?
960 1624 1108 1655 Verbum
1127 1624 1277 1666 augendo
1290 1649 1299 1664 ‚

720 1673 767 1702 rei
787 1671 1025 1714 turpitudinem
1036 1671 1227 1703 dissimulat.
1243 1674 1304 1704 Jo-

720 1719 769 1749 vis
797 1719 966 1761 amplexus
984 1730 1054 1750 non
1076 1720 1216 1758 uxorio,
1245 1719 1303 1752 sed

721 1768 904 1798 meretricio
921 1768 994 1806 jure
1013 1769 1144 1809 Europe
1167 1777 1302 1809 accepe-

720 1821 780 1845 rat.
809 1832 854 1839 —
886 1814 979 1845 Bene*
1007 1813 1101 1857 serre
1142 1825 1301 1857 magnam

716 1861 813 1892 Disce
834 1861 1010 1905 fortunam
1029 1873 1039 1892 :
1058 1861 1138 1899 tibi,
1165 1872 1240 1903 quae
1267 1869 1300 1894 te

717 1908 821 1939 vilem
852 1908 951 1940 modo
981 1908 1199 1951 praedicabas,
1217 1909 1301 1942 nihil

716 1954 816 1999 magis
854 1967 944 1987 nune
976 1955 1189 1988 metuendum
1233 1964 1300 1996 est,

718 2002 813 2045 quam
833 2014 875 2034 ne
893 2004 933 2034 ad
956 2002 1083 2035 tantum
1102 2010 1213 2034 evecta
1231 2004 1300 2046 glo-

718 2051 774 2081 riae
796 2051 976 2092 fastigium,
1003 2050 1060 2082 tua
1076 2050 1226 2082 felicitate
1248 2052 1300 2082 ni-

718 2097 822 2129 mium
843 2098 996 2130 efferaris.
1019 2116 1066 2122 -—-
1095 2100 1166 2129 Tua
1195 2106 1299 2129 sectus

719 2145 802 2176 orbis
818 2145 968 2177 Nomina
984 2145 1080 2176 ducet
1090 2156 1101 2176 .-
1114 2155 1188 2187 pars
1203 2151 1298 2177 terrae

719 2191 736 2222 a
754 2200 811 2224 tuo
836 2195 970 2226 nomine
994 2194 1128 2235 Europa
1151 2193 1298 2235 appella-

719 2239 820 2272 bitur.

1176 2324 1246 2363 28*
