1416 2508
181 129 211 151 11
642 115 915 150 PRAEFATIO.

179 193 488 235 commodatam
521 196 579 234 eis
607 192 754 234 indere
779 192 1101 244 tentaverimus3
1137 192 1250 235 idem
1281 194 1369 237 fere

177 260 416 315 molientes,
435 260 552 317 quod
573 261 644 317 qui
656 292 666 312 ,
685 269 870 300 veterem
885 268 1119 312 monetam,
1140 259 1368 315 pretiosam

178 330 291 381 licet,
323 340 395 370 aut
422 338 584 369 vetusta
611 341 661 367 ex
685 341 789 367 auro
816 336 857 366 et
886 324 1062 382 argento
1085 325 1253 367 vascula
1285 326 1370 367 for-

178 397 269 436 naci
299 395 477 436 reddere
505 409 593 435 non
621 392 839 443 dubitant,
867 392 924 432 ita
952 401 1001 431 ut
1034 406 1084 432 ex
1109 391 1178 432 illa
1202 391 1369 433 fusione

178 476 285 517 opus
320 461 500 512 oriatur,
538 458 692 501 minori
730 456 902 514 quidem
934 455 1046 497 mole
1082 468 1369 514 compactum,

179 525 252 567 sed
287 524 536 582 quotidiano
562 524 658 565 usui
682 524 813 580 magis
831 521 1055 574 idoneum,
1075 533 1117 563 et
1146 522 1369 566 recentiori

177 592 311 648 (absit
332 592 469 632 omnis
496 589 801 647 comparationi
823 587 1025 645 invidial)
1050 588 1254 645 elegantia
1273 604 1370 647 per-

179 659 376 715 politum.

234 726 300 765 De
319 725 463 780 primis
483 725 646 766 Horatii
671 724 973 782 interpretibus
996 722 1224 780 loquimur.
1236 723 1366 777 Quod

176 792 210 831 si
221 791 273 830 ab
284 791 626 847 ingeniosissimis
640 802 793 833 nostrae
805 791 933 832 aetatis
947 790 1243 846 scriptoribus,
1258 805 1368 846 quos
1389 799 1393 801 ’

175 860 305 913 supra
322 856 583 898 nominando
610 857 872 902 laudavimus
886 890 897 911 ,
917 857 1076 914 quique
1095 856 1139 898 in
1157 857 1369 915 solvendis

179 923 343 963 Horatii
370 922 688 964 difficultatibus
710 923 906 965 nonnihil
923 922 1126 978 temporis
1146 937 1372 980 consump-

175 999 349 1041 serunt,
380 988 493 1029 idem
520 1004 568 1030 ac
595 1000 789 1030 nostrum
818 989 1131 1045 laborisgenus
1162 988 1369 1030 continuo

175 1065 323 1095 tenore
341 1055 583 1096 absolutum
602 1055 767 1108 fuisset,
790 1057 1010 1111 nunquam
1026 1054 1069 1094 in
1095 1053 1283 1095 animum
1309 1053 1369 1095 in-

177 1119 344 1161 cidisset
359 1136 448 1162 rem
465 1120 696 1177 perfectam
711 1120 904 1172 reficere,
929 1131 971 1161 et
992 1119 1076 1159 hoc
1092 1134 1228 1160 unum
1245 1119 1368 1160 nohis

174 1187 509 1242 permisissemus
521 1197 661 1239 ,notas
675 1186 833 1227 scilicet
840 1184 1065 1227 vernacula
1075 1184 1220 1242 lingua
1231 1199 1367 1228 exara-

174 1262 237 1297 tas
256 1251 300 1291 in
316 1250 493 1294 latinum
512 1267 751 1296 sermonem
767 1284 778 1305 ,
798 1250 1044 1292 auctoribus
1064 1249 1368 1301 consentienti-

174 1317 268 1370 bus,
280 1328 456 1370 vertere,
470 1329 519 1358 ut
537 1329 579 1358 et
595 1317 748 1374 Heynii
760 1316 936 1374 Virgilio
951 1327 991 1356 et
1003 1315 1195 1357 Oherlini
1206 1315 1367 1370 Tacito,

174 1383 217 1422 in
243 1382 323 1422 hac
350 1382 631 1424 Classicorum
653 1383 900 1423 Latinorum
919 1381 1189 1434 collectione,
1213 1379 1367 1438 dignus

173 1447 328 1488 assecla
341 1480 351 1500 ,
386 1449 587 1489 Horatius
624 1450 848 1491 assisteret.
880 1446 1041 1488 Verum
1074 1461 1200 1488 nemo
1234 1446 1369 1488 nescit

173 1513 361 1569 poeticas
388 1514 486 1555 clar.
507 1514 583 1555 vir.
610 1515 672 1555 De
697 1515 874 1572 Wailly,
898 1515 1033 1565 Daru,
1056 1511 1370 1569 Vanderbourg

174 1580 565 1637 interpretationes,
583 1579 741 1622 notulis
760 1580 923 1637 aliquot
944 1577 1176 1620 identidem
1192 1576 1367 1618 distinc-

174 1656 256 1698 tas,
282 1645 487 1687 universae
506 1646 671 1687 Horatii
686 1645 1026 1703 interpretationi
1043 1658 1132 1685 non
1155 1641 1370 1696 sufficere,

175 1726 341 1768 necque
366 1714 429 1754 sat
454 1711 741 1754 abundantem
771 1712 958 1770 praebere
990 1710 1226 1763 materiam,
1254 1707 1369 1750 unde

177 1778 343 1819 Horatii
363 1778 579 1819 volumina
598 1778 756 1820 caeteris
780 1779 960 1820 aliorum
983 1777 1230 1819 Latinorum
1245 1775 1368 1816 volu-

177 1843 476 1897 minibus,t1'1m
484 1859 627 1885 rerum
637 1856 865 1898 momento,
877 1844 968 1886 tum
980 1842 1070 1901 ipsa
1085 1842 1210 1882 etiam
1222 1839 1368 1898 ampli-

179 1908 326 1950 tudine
339 1909 509 1966 oequalia
524 1911 861 1968 compingantur.
1228 1944 1230 1946 v

238 1975 302 2016 Ex
317 1975 444 2015 altera
461 1986 600 2032 parte,
615 1977 725 2018 inter
743 1975 955 2018 doctiores
967 1986 1121 2017 nostrae
1133 1974 1262 2016 aetatis
1278 1973 1370 2015 Ho-

177 2043 272 2086 ratii
291 2052 584 2095 annotatores,
603 2042 790 2084 eminent
812 2041 1008 2085 nonnulli
1023 2040 1265 2083 eruditione
1284 2054 1372 2084 ma·

180 2115 242 2170 gis
269 2113 395 2167 quam
418 2108 594 2151 delicata
610 2108 828 2162 judicandi
847 2119 937 2150 arte
950 2109 1164 2166 «insignes,
1193 2121 1302 2164 quos
1323 2118 1371 2148 ut

182 2175 402 2220 consulere
422 2176 647 2232 optimum,
672 2177 730 2218 sic
753 2186 795 2217 et
816 2175 970 2219 imitari
990 2186 1031 2218 et
1049 2174 1180 2217 verbo
1200 2172 1254 2216 ad
1275 2187 1370 2215 ver-
