<?xml version="1.0" encoding="UTF-8"?>
<!DOCTYPE html PUBLIC "-//W3C//DTD XHTML 1.0 Transitional//EN"
    "http://www.w3.org/TR/xhtml1/DTD/xhtml1-transitional.dtd">
<html xmlns="http://www.w3.org/1999/xhtml" xml:lang="en" lang="en">
 <head>
  <title>
</title>
<meta http-equiv="Content-Type" content="text/html;charset=utf-8" />
  <meta name='ocr-system' content='tesseract 3.04.00' />
  <meta name='ocr-capabilities' content='ocr_page ocr_carea ocr_par ocr_line ocrx_word'/>
</head>
<body>
  <div class='ocr_page' id='page_1' title='image "./quintushoratiusf01horauoft_0159.png"; bbox 0 0 1456 2508; ppageno 0'>
   <div class='ocr_carea' id='block_1_1' title="bbox 471 113 918 150">
    <p class='ocr_par' dir='ltr' id='par_1_1' title="bbox 471 113 918 150">
     <span class='ocr_line' id='line_1_1' title="bbox 471 113 918 150; baseline -0.004 0"><span class='ocrx_word' id='word_1_1' title='bbox 471 147 475 150; x_wconf 88' lang='lat'>.</span> <span class='ocrx_word' id='word_1_2' title='bbox 497 115 577 149; x_wconf 78' lang='grc' dir='ltr'><strong>ΠΒ.</strong></span> <span class='ocrx_word' id='word_1_3' title='bbox 601 113 620 148; x_wconf 91' lang='lat'>1</span> <span class='ocrx_word' id='word_1_4' title='bbox 643 113 732 150; x_wconf 88' lang='lat' dir='ltr'><strong>ODE</strong></span> <span class='ocrx_word' id='word_1_5' title='bbox 755 113 918 150; x_wconf 69' lang='lat' dir='ltr'><strong>xxxm,</strong></span> 
     </span>
    </p>
   </div>
   <div class='ocr_carea' id='block_1_2' title="bbox 1259 116 1323 147">
    <p class='ocr_par' dir='ltr' id='par_1_2' title="bbox 1259 116 1323 147">
     <span class='ocr_line' id='line_1_2' title="bbox 1259 116 1323 147; baseline 0 0"><span class='ocrx_word' id='word_1_6' title='bbox 1259 116 1323 147; x_wconf 75' lang='lat'><strong>125</strong></span> 
     </span>
    </p>
   </div>
   <div class='ocr_carea' id='block_1_3' title="bbox 98 248 1322 263">
    <p class='ocr_par' dir='ltr' id='par_1_3' title="bbox 98 248 1322 263">
     <span class='ocr_line' id='line_1_3' title="bbox 98 248 1322 263; baseline -0.002 0"><span class='ocrx_word' id='word_1_7' title='bbox 98 248 1322 263; x_wconf 46' lang='grc' dir='ltr'><strong>ΜΝΜΜΜΕἏΜΜωΜὶἏΜΜΜΜΜΜὶἜὶιΒὯΒὯὈ</strong></span> 
     </span>
    </p>
   </div>
   <div class='ocr_carea' id='block_1_4' title="bbox 222 412 1203 474">
    <p class='ocr_par' dir='ltr' id='par_1_4' title="bbox 222 412 1203 474">
     <span class='ocr_line' id='line_1_4' title="bbox 222 412 1203 474; baseline -0.002 -2"><span class='ocrx_word' id='word_1_8' title='bbox 222 413 375 472; x_wconf 92' lang='lat' dir='ltr'><strong>ODE</strong></span> <span class='ocrx_word' id='word_1_9' title='bbox 420 412 860 473; x_wconf 88' lang='lat' dir='ltr'><strong>TRIGESIMA</strong></span> <span class='ocrx_word' id='word_1_10' title='bbox 904 412 1203 474; x_wconf 87' lang='lat' dir='ltr'><strong>TERTIA</strong></span> 
     </span>
    </p>
   </div>
   <div class='ocr_carea' id='block_1_5' title="bbox 344 569 1076 616">
    <p class='ocr_par' dir='ltr' id='par_1_5' title="bbox 344 569 1076 616">
     <span class='ocr_line' id='line_1_5' title="bbox 344 569 1076 616; baseline 0 0"><span class='ocrx_word' id='word_1_11' title='bbox 344 572 430 616; x_wconf 89' lang='lat' dir='ltr'><strong>AD</strong></span> <span class='ocrx_word' id='word_1_12' title='bbox 464 571 704 616; x_wconf 90' lang='lat' dir='ltr'><strong>ALBIUM</strong></span> <span class='ocrx_word' id='word_1_13' title='bbox 738 569 1076 616; x_wconf 89' lang='lat' dir='ltr'><strong>TIBULLUM.</strong></span> 
     </span>
    </p>
   </div>
   <div class='ocr_carea' id='block_1_6' title="bbox 99 700 1324 911">
    <p class='ocr_par' dir='ltr' id='par_1_6' title="bbox 99 700 1324 911">
     <span class='ocr_line' id='line_1_6' title="bbox 99 700 1324 746; baseline 0.001 -13"><span class='ocrx_word' id='word_1_14' title='bbox 99 701 277 746; x_wconf 77' lang='lat' dir='ltr'><em>Egregium</em></span> <span class='ocrx_word' id='word_1_15' title='bbox 292 708 448 743; x_wconf 81' lang='lat' dir='ltr'><strong>poetam,</strong></span> <span class='ocrx_word' id='word_1_16' title='bbox 470 700 656 743; x_wconf 81' lang='lat' dir='ltr'><em>scriptorem</em></span> <span class='ocrx_word' id='word_1_17' title='bbox 678 700 844 743; x_wconf 80' lang='lat' dir='ltr'><em>elegorum</em></span> <span class='ocrx_word' id='word_1_18' title='bbox 867 700 1130 740; x_wconf 75' lang='lat' dir='ltr'><strong>celeberrimum,</strong></span> <span class='ocrx_word' id='word_1_19' title='bbox 1150 702 1211 733; x_wconf 81' lang='lat' dir='ltr'><strong>sibi</strong></span> <span class='ocrx_word' id='word_1_20' title='bbox 1224 703 1324 734; x_wconf 79' lang='lat' dir='ltr'><strong>dilec-</strong></span> 
     </span>
     <span class='ocr_line' id='line_1_7' title="bbox 145 756 1323 801; baseline -0.003 -10"><span class='ocrx_word' id='word_1_21' title='bbox 145 767 230 799; x_wconf 85' lang='lat' dir='ltr'><strong>tum,</strong></span> <span class='ocrx_word' id='word_1_22' title='bbox 245 758 370 789; x_wconf 81' lang='lat' dir='ltr'><strong>solatur</strong></span> <span class='ocrx_word' id='word_1_23' title='bbox 392 757 567 795; x_wconf 81' lang='lat' dir='ltr'><em>Horatius,</em></span> <span class='ocrx_word' id='word_1_24' title='bbox 586 756 794 799; x_wconf 80' lang='lat' dir='ltr'><em>hortaturque</em></span> <span class='ocrx_word' id='word_1_25' title='bbox 815 763 852 787; x_wconf 78' lang='lat' dir='ltr'><strong>ut</strong></span> <span class='ocrx_word' id='word_1_26' title='bbox 872 756 940 788; x_wconf 64' lang='lat' dir='ltr'><strong>tiam</strong></span> <span class='ocrx_word' id='word_1_27' title='bbox 970 757 1110 789; x_wconf 81' lang='lat' dir='ltr'><strong>aliorum</strong></span> <span class='ocrx_word' id='word_1_28' title='bbox 1131 759 1230 801; x_wconf 75' lang='lat' dir='ltr'><strong>quc&#39;zm</strong></span> <span class='ocrx_word' id='word_1_29' title='bbox 1258 762 1323 789; x_wconf 78' lang='lat' dir='ltr'><strong>sni-</strong></span> 
     </span>
     <span class='ocr_line' id='line_1_8' title="bbox 145 812 1324 856; baseline 0 -12"><span class='ocrx_word' id='word_1_30' title='bbox 145 812 244 856; x_wconf 78' lang='lat' dir='ltr'><strong>ipsius</strong></span> <span class='ocrx_word' id='word_1_31' title='bbox 265 813 417 855; x_wconf 71' lang='lat' dir='ltr'><strong>exemplo</strong></span> <span class='ocrx_word' id='word_1_32' title='bbox 439 813 584 849; x_wconf 80' lang='lat' dir='ltr'><strong>edoctus,</strong></span> <span class='ocrx_word' id='word_1_33' title='bbox 606 823 672 851; x_wconf 62' lang='lat' dir='ltr'><strong>nen</strong></span> <span class='ocrx_word' id='word_1_34' title='bbox 686 812 763 854; x_wconf 64' lang='lat' dir='ltr'><strong>plics</strong></span> <span class='ocrx_word' id='word_1_35' title='bbox 781 823 874 855; x_wconf 79' lang='lat' dir='ltr'><strong>a’quo</strong></span> <span class='ocrx_word' id='word_1_36' title='bbox 901 813 1016 844; x_wconf 83' lang='lat' dir='ltr'><strong>doleat</strong></span> <span class='ocrx_word' id='word_1_37' title='bbox 1042 822 1158 846; x_wconf 81' lang='lat' dir='ltr'><em>sortem</em></span> <span class='ocrx_word' id='word_1_38' title='bbox 1178 813 1324 856; x_wconf 77' lang='lat' dir='ltr'><strong>experiri</strong></span> 
     </span>
     <span class='ocr_line' id='line_1_9' title="bbox 144 867 808 911; baseline -0.003 -10"><span class='ocrx_word' id='word_1_39' title='bbox 144 868 290 901; x_wconf 79' lang='lat' dir='ltr'><strong>omnibus</strong></span> <span class='ocrx_word' id='word_1_40' title='bbox 298 867 376 911; x_wconf 65' lang='lat' dir='ltr'><strong>fir&amp;</strong></span> <span class='ocrx_word' id='word_1_41' title='bbox 393 879 597 900; x_wconf 87' lang='lat' dir='ltr'><strong>communem</strong></span> <span class='ocrx_word' id='word_1_42' title='bbox 611 867 808 899; x_wconf 80' lang='lat' dir='ltr'><strong>amantibus.</strong></span> 
     </span>
    </p>
   </div>
   <div class='ocr_carea' id='block_1_7' title="bbox 202 986 1319 1349">
    <p class='ocr_par' dir='ltr' id='par_1_7' title="bbox 202 986 1319 1349">
     <span class='ocr_line' id='line_1_10' title="bbox 202 986 1010 1039; baseline -0.002 -12"><span class='ocrx_word' id='word_1_43' title='bbox 202 991 324 1036; x_wconf 76' lang='lat' dir='ltr'><strong>Anu,</strong></span> <span class='ocrx_word' id='word_1_44' title='bbox 344 1001 393 1026; x_wconf 89' lang='lat' dir='ltr'><strong>ne</strong></span> <span class='ocrx_word' id='word_1_45' title='bbox 413 988 543 1026; x_wconf 84' lang='lat' dir='ltr'>doleas</span> <span class='ocrx_word' id='word_1_46' title='bbox 563 989 650 1039; x_wconf 71' lang='lat' dir='ltr'><strong>plus</strong></span> <span class='ocrx_word' id='word_1_47' title='bbox 668 986 790 1026; x_wconf 74' lang='lat' dir='ltr'><strong>nimio</strong></span> <span class='ocrx_word' id='word_1_48' title='bbox 815 995 838 1034; x_wconf 85' lang='lat'><strong>¹,</strong></span> <span class='ocrx_word' id='word_1_49' title='bbox 861 999 1010 1025; x_wconf 85' lang='lat' dir='ltr'><strong>memor</strong></span> 
     </span>
     <span class='ocr_line' id='line_1_11' title="bbox 202 1047 945 1100; baseline -0.003 -12"><span class='ocrx_word' id='word_1_50' title='bbox 202 1049 364 1088; x_wconf 89' lang='lat' dir='ltr'><strong>Immitis</strong></span> <span class='ocrx_word' id='word_1_51' title='bbox 384 1049 581 1100; x_wconf 81' lang='lat' dir='ltr'>Glycerae,</span> <span class='ocrx_word' id='word_1_52' title='bbox 602 1063 678 1088; x_wconf 90' lang='lat' dir='ltr'><strong>neu</strong></span> <span class='ocrx_word' id='word_1_53' title='bbox 698 1047 945 1087; x_wconf 70' lang='lat' dir='ltr'><strong>miserabiles·</strong></span> 
     </span>
     <span class='ocr_line' id='line_1_12' title="bbox 202 1110 892 1164; baseline -0.003 -14"><span class='ocrx_word' id='word_1_54' title='bbox 202 1114 391 1150; x_wconf 85' lang='lat' dir='ltr'><strong>Decantes</strong></span> <span class='ocrx_word' id='word_1_55' title='bbox 411 1113 557 1164; x_wconf 83' lang='lat' dir='ltr'><strong>elegos,</strong></span> <span class='ocrx_word' id='word_1_56' title='bbox 577 1125 648 1150; x_wconf 88' lang='lat' dir='ltr'><strong>cur</strong></span> <span class='ocrx_word' id='word_1_57' title='bbox 669 1111 740 1150; x_wconf 90' lang='lat' dir='ltr'><strong>tibi</strong></span> <span class='ocrx_word' id='word_1_58' title='bbox 758 1110 892 1163; x_wconf 88' lang='lat' dir='ltr'><strong>junior</strong></span> 
     </span>
     <span class='ocr_line' id='line_1_13' title="bbox 307 1173 744 1225; baseline -0.002 -13"><span class='ocrx_word' id='word_1_59' title='bbox 307 1174 416 1212; x_wconf 63' lang='lat' dir='ltr'><strong>Laesfi</strong></span> <span class='ocrx_word' id='word_1_60' title='bbox 435 1174 637 1225; x_wconf 82' lang='lat' dir='ltr'><strong>praeniteat</strong></span> <span class='ocrx_word' id='word_1_61' title='bbox 657 1173 744 1211; x_wconf 87' lang='lat' dir='ltr'><strong>fide.</strong></span> 
     </span>
     <span class='ocr_line' id='line_1_14' title="bbox 206 1234 1319 1288; baseline -0.004 -14"><span class='ocrx_word' id='word_1_62' title='bbox 206 1235 398 1288; x_wconf 83' lang='lat' dir='ltr'><strong>Insignem</strong></span> <span class='ocrx_word' id='word_1_63' title='bbox 419 1236 525 1274; x_wconf 87' lang='lat' dir='ltr'><strong>tenui</strong></span> <span class='ocrx_word' id='word_1_64' title='bbox 546 1236 673 1274; x_wconf 87' lang='lat' dir='ltr'><strong>fronte</strong></span> <span class='ocrx_word' id='word_1_65' title='bbox 696 1244 709 1258; x_wconf 83' lang='lat'><strong>²</strong></span> <span class='ocrx_word' id='word_1_66' title='bbox 730 1234 923 1286; x_wconf 87' lang='lat' dir='ltr'>Lycorida</span> <span class='ocrx_word' id='word_1_67' title='bbox 1304 1247 1319 1270; x_wconf 84' lang='lat'><strong>5</strong></span> 
     </span>
     <span class='ocr_line' id='line_1_15' title="bbox 205 1296 978 1349; baseline -0.003 -14"><span class='ocrx_word' id='word_1_68' title='bbox 205 1297 295 1349; x_wconf 87' lang='lat' dir='ltr'><strong>Cyri</strong></span> <span class='ocrx_word' id='word_1_69' title='bbox 314 1306 436 1336; x_wconf 87' lang='lat' dir='ltr'><strong>torret</strong></span> <span class='ocrx_word' id='word_1_70' title='bbox 455 1311 583 1345; x_wconf 82' lang='lat' dir='ltr'><strong>amor3</strong></span> <span class='ocrx_word' id='word_1_71' title='bbox 600 1300 724 1349; x_wconf 87' lang='lat' dir='ltr'><strong>Cyrus</strong></span> <span class='ocrx_word' id='word_1_72' title='bbox 742 1296 783 1334; x_wconf 90' lang='lat' dir='ltr'><strong>in</strong></span> <span class='ocrx_word' id='word_1_73' title='bbox 804 1308 978 1348; x_wconf 82' lang='lat' dir='ltr'>asperam</span> 
     </span>
    </p>
   </div>
   <div class='ocr_carea' id='block_1_8' title="bbox 91 1417 687 2316">
    <p class='ocr_par' dir='ltr' id='par_1_8' title="bbox 91 1417 687 2316">
     <span class='ocr_line' id='line_1_16' title="bbox 150 1417 684 1457; baseline -0.002 -8"><span class='ocrx_word' id='word_1_74' title='bbox 150 1430 179 1451; x_wconf 84' lang='lat'><strong>1.</strong></span> <span class='ocrx_word' id='word_1_75' title='bbox 194 1418 272 1450; x_wconf 78' lang='lat' dir='ltr'><strong>Plus</strong></span> <span class='ocrx_word' id='word_1_76' title='bbox 285 1417 388 1449; x_wconf 82' lang='grc' dir='ltr'><em>ηίηιίὸ</em></span> <span class='ocrx_word' id='word_1_77' title='bbox 401 1429 413 1449; x_wconf 88' lang='grc'><strong>.·</strong></span> <span class='ocrx_word' id='word_1_78' title='bbox 425 1429 466 1449; x_wconf 90' lang='lat' dir='ltr'><strong>an</strong></span> <span class='ocrx_word' id='word_1_79' title='bbox 481 1428 555 1449; x_wconf 88' lang='lat' dir='ltr'><strong>cnm</strong></span> <span class='ocrx_word' id='word_1_80' title='bbox 569 1418 684 1457; x_wconf 87' lang='lat' dir='ltr'><strong>verbo,</strong></span> 
     </span>
     <span class='ocr_line' id='line_1_17' title="bbox 97 1465 687 1506; baseline -0.005 -8"><span class='ocrx_word' id='word_1_81' title='bbox 97 1466 230 1504; x_wconf 76' lang='lat' dir='ltr'><strong>doleas,</strong></span> <span class='ocrx_word' id='word_1_82' title='bbox 257 1477 300 1498; x_wconf 84' lang='lat' dir='ltr'><strong>an</strong></span> <span class='ocrx_word' id='word_1_83' title='bbox 324 1476 400 1496; x_wconf 86' lang='lat' dir='ltr'><strong>cum</strong></span> <span class='ocrx_word' id='word_1_84' title='bbox 418 1465 531 1506; x_wconf 84' lang='lat' dir='ltr'><strong>adject.</strong></span> <span class='ocrx_word' id='word_1_85' title='bbox 563 1476 687 1496; x_wconf 86' lang='lat' dir='ltr'><strong>memor</strong></span> 
     </span>
     <span class='ocr_line' id='line_1_18' title="bbox 98 1513 680 1555; baseline -0.005 -9"><span class='ocrx_word' id='word_1_86' title='bbox 98 1513 150 1546; x_wconf 79' lang='lat' dir='ltr'><strong>hae</strong></span> <span class='ocrx_word' id='word_1_87' title='bbox 185 1513 258 1545; x_wconf 86' lang='lat' dir='ltr'><strong>duae</strong></span> <span class='ocrx_word' id='word_1_88' title='bbox 288 1524 385 1544; x_wconf 81' lang='lat' dir='ltr'><strong>voces</strong></span> <span class='ocrx_word' id='word_1_89' title='bbox 422 1515 680 1555; x_wconf 84' lang='lat' dir='ltr'><strong>conjungantur,</strong></span> 
     </span>
     <span class='ocr_line' id='line_1_19' title="bbox 97 1560 684 1604; baseline -0.005 -11"><span class='ocrx_word' id='word_1_90' title='bbox 97 1562 190 1604; x_wconf 77' lang='lat' dir='ltr'><strong>parvi</strong></span> <span class='ocrx_word' id='word_1_91' title='bbox 199 1560 306 1593; x_wconf 73' lang='lat' dir='ltr'><strong>refert.</strong></span> <span class='ocrx_word' id='word_1_92' title='bbox 317 1562 357 1592; x_wconf 90' lang='lat' dir='ltr'><strong>In</strong></span> <span class='ocrx_word' id='word_1_93' title='bbox 366 1561 476 1603; x_wconf 85' lang='lat' dir='ltr'><strong>priore</strong></span> <span class='ocrx_word' id='word_1_94' title='bbox 491 1571 599 1598; x_wconf 86' lang='lat' dir='ltr'><strong>sensu,</strong></span> <span class='ocrx_word' id='word_1_95' title='bbox 612 1571 684 1591; x_wconf 88' lang='lat' dir='ltr'><strong>sua-</strong></span> 
     </span>
     <span class='ocr_line' id='line_1_20' title="bbox 98 1607 683 1646; baseline -0.007 -5"><span class='ocrx_word' id='word_1_96' title='bbox 98 1609 153 1641; x_wconf 80' lang='lat' dir='ltr'><strong>det</strong></span> <span class='ocrx_word' id='word_1_97' title='bbox 166 1616 204 1640; x_wconf 88' lang='lat' dir='ltr'><strong>ut</strong></span> <span class='ocrx_word' id='word_1_98' title='bbox 218 1608 324 1640; x_wconf 86' lang='lat' dir='ltr'><strong>dolon·</strong></span> <span class='ocrx_word' id='word_1_99' title='bbox 338 1607 473 1640; x_wconf 86' lang='lat' dir='ltr'><strong>modum</strong></span> <span class='ocrx_word' id='word_1_100' title='bbox 482 1631 491 1646; x_wconf 93' lang='lat'>‚</span> <span class='ocrx_word' id='word_1_101' title='bbox 512 1609 547 1638; x_wconf 91' lang='lat' dir='ltr'><strong>in</strong></span> <span class='ocrx_word' id='word_1_102' title='bbox 562 1608 663 1638; x_wconf 87' lang='lat' dir='ltr'><strong>altero</strong></span> <span class='ocrx_word' id='word_1_103' title='bbox 675 1631 683 1646; x_wconf 91' lang='lat'>‚</span> 
     </span>
     <span class='ocr_line' id='line_1_21' title="bbox 97 1654 686 1698; baseline -0.005 -10"><span class='ocrx_word' id='word_1_104' title='bbox 97 1663 136 1688; x_wconf 82' lang='lat' dir='ltr'><strong>ut</strong></span> <span class='ocrx_word' id='word_1_105' title='bbox 147 1655 248 1688; x_wconf 82' lang='lat' dir='ltr'><strong>finem</strong></span> <span class='ocrx_word' id='word_1_106' title='bbox 265 1657 421 1698; x_wconf 87' lang='lat' dir='ltr'><strong>imponat.</strong></span> <span class='ocrx_word' id='word_1_107' title='bbox 428 1674 476 1680; x_wconf 93' lang='lat'>—</span> <span class='ocrx_word' id='word_1_108' title='bbox 484 1654 686 1686; x_wconf 75' lang='lat' dir='ltr'><strong>Miserabiles</strong></span> 
     </span>
     <span class='ocr_line' id='line_1_22' title="bbox 97 1703 681 1747; baseline -0.003 -12"><span class='ocrx_word' id='word_1_109' title='bbox 97 1704 225 1747; x_wconf 79' lang='lat' dir='ltr'><em>elegos:</em></span> <span class='ocrx_word' id='word_1_110' title='bbox 237 1703 369 1746; x_wconf 80' lang='lat' dir='ltr'><strong>epithet.</strong></span> <span class='ocrx_word' id='word_1_111' title='bbox 380 1704 478 1745; x_wconf 80' lang='lat' dir='ltr'><strong>elegis</strong></span> <span class='ocrx_word' id='word_1_112' title='bbox 491 1704 681 1745; x_wconf 80' lang='lat' dir='ltr'><strong>ascriptum3</strong></span> 
     </span>
     <span class='ocr_line' id='line_1_23' title="bbox 98 1750 682 1796; baseline -0.002 -13"><span class='ocrx_word' id='word_1_113' title='bbox 98 1752 145 1783; x_wconf 81' lang='lat' dir='ltr'><strong>sic</strong></span> <span class='ocrx_word' id='word_1_114' title='bbox 157 1751 283 1796; x_wconf 77' lang='lat' dir='ltr'><strong>flebilis</strong></span> <span class='ocrx_word' id='word_1_115' title='bbox 306 1751 430 1794; x_wconf 81' lang='lat' dir='ltr'><strong>elegia,</strong></span> <span class='ocrx_word' id='word_1_116' title='bbox 456 1750 553 1782; x_wconf 84' lang='lat' dir='ltr'><strong>ovid.</strong></span> <span class='ocrx_word' id='word_1_117' title='bbox 567 1751 682 1782; x_wconf 86' lang='lat' dir='ltr'><strong>Amor.</strong></span> 
     </span>
     <span class='ocr_line' id='line_1_24' title="bbox 98 1797 684 1841; baseline -0.003 -11"><span class='ocrx_word' id='word_1_118' title='bbox 98 1799 168 1837; x_wconf 78' lang='grc' dir='ltr'><strong>ΠΙ,</strong></span> <span class='ocrx_word' id='word_1_119' title='bbox 191 1810 234 1841; x_wconf 84' lang='grc'><strong>9,</strong></span> <span class='ocrx_word' id='word_1_120' title='bbox 255 1800 295 1838; x_wconf 82' lang='grc'><strong>3;</strong></span> <span class='ocrx_word' id='word_1_121' title='bbox 321 1800 369 1828; x_wconf 82' lang='lat' dir='ltr'><strong>La</strong></span> <span class='ocrx_word' id='word_1_122' title='bbox 393 1797 551 1840; x_wconf 75' lang='lat' dir='ltr'><strong>plaimive</strong></span> <span class='ocrx_word' id='word_1_123' title='bbox 582 1797 684 1840; x_wconf 74' lang='lat' dir='ltr'><strong>e&#39;le&#39;gie</strong></span> 
     </span>
     <span class='ocr_line' id='line_1_25' title="bbox 99 1844 681 1889; baseline -0.002 -12"><span class='ocrx_word' id='word_1_124' title='bbox 99 1857 141 1877; x_wconf 82' lang='lat' dir='ltr'><strong>en</strong></span> <span class='ocrx_word' id='word_1_125' title='bbox 168 1846 265 1889; x_wconf 78' lang='lat' dir='ltr'><strong>Iongs</strong></span> <span class='ocrx_word' id='word_1_126' title='bbox 289 1845 394 1877; x_wconf 74' lang='lat' dir='ltr'><strong>habits</strong></span> <span class='ocrx_word' id='word_1_127' title='bbox 423 1846 465 1876; x_wconf 86' lang='lat' dir='ltr'><strong>de</strong></span> <span class='ocrx_word' id='word_1_128' title='bbox 489 1844 593 1882; x_wconf 83' lang='lat' dir='ltr'><strong>deuil,</strong></span> <span class='ocrx_word' id='word_1_129' title='bbox 611 1845 681 1876; x_wconf 89' lang='lat' dir='ltr'><strong>Bol.</strong></span> 
     </span>
     <span class='ocr_line' id='line_1_26' title="bbox 99 1892 682 1936; baseline -0.002 -12"><span class='ocrx_word' id='word_1_130' title='bbox 99 1894 163 1924; x_wconf 77' lang='lat' dir='ltr'><strong>Ars</strong></span> <span class='ocrx_word' id='word_1_131' title='bbox 197 1900 286 1936; x_wconf 82' lang='lat' dir='ltr'><strong>poet.</strong></span> <span class='ocrx_word' id='word_1_132' title='bbox 311 1910 359 1917; x_wconf 90' lang='lat'><strong>—-</strong></span> <span class='ocrx_word' id='word_1_133' title='bbox 389 1892 462 1924; x_wconf 82' lang='lat' dir='ltr'><strong>Tibi</strong></span> <span class='ocrx_word' id='word_1_134' title='bbox 485 1892 682 1934; x_wconf 82' lang='lat' dir='ltr'><strong>praeniteat:</strong></span> 
     </span>
     <span class='ocr_line' id='line_1_27' title="bbox 99 1939 683 1983; baseline 0 -11"><span class='ocrx_word' id='word_1_135' title='bbox 99 1940 248 1983; x_wconf 64' lang='lat' dir='ltr'><strong>Glycera!</strong></span> <span class='ocrx_word' id='word_1_136' title='bbox 271 1939 419 1972; x_wconf 86' lang='lat' dir='ltr'><strong>videatur</strong></span> <span class='ocrx_word' id='word_1_137' title='bbox 441 1940 619 1972; x_wconf 81' lang='lat' dir='ltr'>amabilior.</span> <span class='ocrx_word' id='word_1_138' title='bbox 635 1959 683 1965; x_wconf 94' lang='lat'><strong>—-</strong></span> 
     </span>
     <span class='ocr_line' id='line_1_28' title="bbox 99 1984 683 2032; baseline -0.003 -12"><span class='ocrx_word' id='word_1_139' title='bbox 99 1984 196 2020; x_wconf 75' lang='lat' dir='ltr'><strong>Loesd</strong></span> <span class='ocrx_word' id='word_1_140' title='bbox 210 1987 284 2032; x_wconf 85' lang='lat' dir='ltr'><strong>fide</strong></span> <span class='ocrx_word' id='word_1_141' title='bbox 297 1999 309 2019; x_wconf 92' lang='grc'><strong>.·</strong></span> <span class='ocrx_word' id='word_1_142' title='bbox 329 1986 395 2019; x_wconf 87' lang='lat' dir='ltr'><strong>fide</strong></span> <span class='ocrx_word' id='word_1_143' title='bbox 421 1986 574 2019; x_wconf 69' lang='lat' dir='ltr'><strong>nimirum</strong></span> <span class='ocrx_word' id='word_1_144' title='bbox 602 1988 683 2030; x_wconf 77' lang='lat' dir='ltr'><strong>Gly-</strong></span> 
     </span>
     <span class='ocr_line' id='line_1_29' title="bbox 97 2035 682 2076; baseline -0.002 -10"><span class='ocrx_word' id='word_1_145' title='bbox 97 2046 197 2074; x_wconf 83' lang='lat' dir='ltr'><strong>cerae,</strong></span> <span class='ocrx_word' id='word_1_146' title='bbox 213 2045 286 2076; x_wconf 85' lang='lat' dir='ltr'><strong>quae</strong></span> <span class='ocrx_word' id='word_1_147' title='bbox 298 2035 360 2067; x_wconf 85' lang='lat' dir='ltr'><strong>tibi</strong></span> <span class='ocrx_word' id='word_1_148' title='bbox 373 2042 527 2066; x_wconf 88' lang='lat' dir='ltr'><strong>aeternum</strong></span> <span class='ocrx_word' id='word_1_149' title='bbox 542 2046 682 2066; x_wconf 81' lang='lat' dir='ltr'><strong>amorem</strong></span> 
     </span>
     <span class='ocr_line' id='line_1_30' title="bbox 97 2082 679 2124; baseline -0.002 -10"><span class='ocrx_word' id='word_1_150' title='bbox 97 2083 239 2124; x_wconf 80' lang='lat' dir='ltr'><strong>pollicita</strong></span> <span class='ocrx_word' id='word_1_151' title='bbox 257 2082 371 2114; x_wconf 82' lang='lat' dir='ltr'><strong>fuerat.</strong></span> <span class='ocrx_word' id='word_1_152' title='bbox 392 2101 439 2107; x_wconf 89' lang='lat'><strong>—-</strong></span> <span class='ocrx_word' id='word_1_153' title='bbox 453 2082 573 2113; x_wconf 74' lang='lat' dir='ltr'><strong>Iunior</strong></span> <span class='ocrx_word' id='word_1_154' title='bbox 585 2094 597 2113; x_wconf 92' lang='lat'><strong>.·</strong></span> <span class='ocrx_word' id='word_1_155' title='bbox 619 2082 679 2113; x_wconf 87' lang='lat' dir='ltr'><strong>du-</strong></span> 
     </span>
     <span class='ocr_line' id='line_1_31' title="bbox 97 2129 679 2172; baseline -0.002 -11"><span class='ocrx_word' id='word_1_156' title='bbox 97 2129 189 2161; x_wconf 79' lang='lat' dir='ltr'><strong>bium</strong></span> <span class='ocrx_word' id='word_1_157' title='bbox 228 2131 332 2161; x_wconf 88' lang='lat' dir='ltr'><strong>movit</strong></span> <span class='ocrx_word' id='word_1_158' title='bbox 355 2130 586 2172; x_wconf 82' lang='lat' dir='ltr'>interpretibus</span> <span class='ocrx_word' id='word_1_159' title='bbox 610 2130 679 2160; x_wconf 87' lang='lat' dir='ltr'><strong>haec</strong></span> 
     </span>
     <span class='ocr_line' id='line_1_32' title="bbox 97 2176 678 2209; baseline -0.002 0"><span class='ocrx_word' id='word_1_160' title='bbox 97 2187 164 2209; x_wconf 84' lang='lat' dir='ltr'><strong>vox</strong></span> <span class='ocrx_word' id='word_1_161' title='bbox 199 2187 208 2209; x_wconf 96' lang='lat'><strong>:</strong></span> <span class='ocrx_word' id='word_1_162' title='bbox 242 2176 376 2208; x_wconf 78' lang='lat' dir='ltr'>decessit</span> <span class='ocrx_word' id='word_1_163' title='bbox 413 2177 498 2209; x_wconf 82' lang='lat' dir='ltr'><strong>enim</strong></span> <span class='ocrx_word' id='word_1_164' title='bbox 527 2177 678 2209; x_wconf 88' lang='lat' dir='ltr'>Tibullus</span> 
     </span>
     <span class='ocr_line' id='line_1_33' title="bbox 95 2225 680 2266; baseline -0.002 -10"><span class='ocrx_word' id='word_1_165' title='bbox 95 2225 169 2256; x_wconf 72' lang='lat' dir='ltr'><strong>ame</strong></span> <span class='ocrx_word' id='word_1_166' title='bbox 213 2235 335 2256; x_wconf 80' lang='lat' dir='ltr'><strong>annum</strong></span> <span class='ocrx_word' id='word_1_167' title='bbox 365 2226 464 2256; x_wconf 77' lang='lat' dir='ltr'><strong>aetatis</strong></span> <span class='ocrx_word' id='word_1_168' title='bbox 489 2226 680 2266; x_wconf 87' lang='lat' dir='ltr'><strong>vigesimum</strong></span> 
     </span>
     <span class='ocr_line' id='line_1_34' title="bbox 91 2271 678 2316; baseline -0.003 -11"><span class='ocrx_word' id='word_1_169' title='bbox 91 2273 255 2314; x_wconf 78' lang='lat' dir='ltr'><strong>quintum.</strong></span> <span class='ocrx_word' id='word_1_170' title='bbox 302 2272 392 2316; x_wconf 86' lang='lat' dir='ltr'>Quid</span> <span class='ocrx_word' id='word_1_171' title='bbox 422 2271 499 2304; x_wconf 70' lang='lat' dir='ltr'><strong>inde</strong></span> <span class='ocrx_word' id='word_1_172' title='bbox 512 2273 527 2303; x_wconf 68' lang='grc' dir='ltr'><strong>Ξ)</strong></span> <span class='ocrx_word' id='word_1_173' title='bbox 570 2272 678 2303; x_wconf 76' lang='lat' dir='ltr'><strong>annon</strong></span> 
     </span>
    </p>
   </div>
   <div class='ocr_carea' id='block_1_9' title="bbox 732 1417 1329 2315">
    <p class='ocr_par' dir='ltr' id='par_1_9' title="bbox 737 1417 1327 1734">
     <span class='ocr_line' id='line_1_35' title="bbox 737 1417 1323 1450; baseline 0.005 -3"><span class='ocrx_word' id='word_1_174' title='bbox 737 1417 915 1447; x_wconf 78' lang='lat' dir='ltr'><strong>meretricis</strong></span> <span class='ocrx_word' id='word_1_175' title='bbox 941 1423 988 1447; x_wconf 85' lang='lat' dir='ltr'><strong>est</strong></span> <span class='ocrx_word' id='word_1_176' title='bbox 1017 1418 1052 1447; x_wconf 87' lang='lat' dir='ltr'><strong>iu</strong></span> <span class='ocrx_word' id='word_1_177' title='bbox 1089 1418 1235 1448; x_wconf 82' lang='lat' dir='ltr'><strong>moribus</strong></span> <span class='ocrx_word' id='word_1_178' title='bbox 1269 1420 1323 1450; x_wconf 83' lang='lat' dir='ltr'><strong>vix</strong></span> 
     </span>
     <span class='ocr_line' id='line_1_36' title="bbox 737 1464 1327 1506; baseline 0.003 -11"><span class='ocrx_word' id='word_1_179' title='bbox 737 1464 894 1506; x_wconf 85' lang='lat' dir='ltr'>puberem</span> <span class='ocrx_word' id='word_1_180' title='bbox 923 1464 1156 1496; x_wconf 78' lang='lat' dir='ltr'><strong>adolescentem</strong></span> <span class='ocrx_word' id='word_1_181' title='bbox 1180 1476 1327 1497; x_wconf 86' lang='lat' dir='ltr'><strong>corrum-</strong></span> 
     </span>
     <span class='ocr_line' id='line_1_37' title="bbox 737 1512 1325 1555; baseline 0.003 -13"><span class='ocrx_word' id='word_1_182' title='bbox 737 1523 812 1554; x_wconf 87' lang='lat' dir='ltr'><strong>pere</strong></span> <span class='ocrx_word' id='word_1_183' title='bbox 823 1519 879 1543; x_wconf 88' lang='lat' dir='ltr'><strong>aut</strong></span> <span class='ocrx_word' id='word_1_184' title='bbox 889 1512 964 1543; x_wconf 68' lang='lat' dir='ltr'><strong>vere</strong></span> <span class='ocrx_word' id='word_1_185' title='bbox 971 1513 1135 1552; x_wconf 86' lang='lat' dir='ltr'><strong>juniorem</strong></span> <span class='ocrx_word' id='word_1_186' title='bbox 1146 1513 1325 1555; x_wconf 84' lang='lat' dir='ltr'><strong>quemlibet</strong></span> 
     </span>
     <span class='ocr_line' id='line_1_38' title="bbox 738 1558 1322 1602; baseline 0.003 -12"><span class='ocrx_word' id='word_1_187' title='bbox 738 1560 872 1591; x_wconf 90' lang='lat' dir='ltr'>Tibullo</span> <span class='ocrx_word' id='word_1_188' title='bbox 903 1558 1009 1590; x_wconf 73' lang='lat' dir='ltr'><strong>adhuc</strong></span> <span class='ocrx_word' id='word_1_189' title='bbox 1022 1560 1136 1599; x_wconf 83' lang='lat' dir='ltr'><strong>juveni</strong></span> <span class='ocrx_word' id='word_1_190' title='bbox 1161 1561 1322 1602; x_wconf 61' lang='lat' dir='ltr'><strong>praeferre,</strong></span> 
     </span>
     <span class='ocr_line' id='line_1_39' title="bbox 738 1607 1322 1648; baseline 0.003 -11"><span class='ocrx_word' id='word_1_191' title='bbox 738 1609 795 1648; x_wconf 91' lang='lat' dir='ltr'><strong>qui</strong></span> <span class='ocrx_word' id='word_1_192' title='bbox 832 1618 899 1638; x_wconf 89' lang='lat' dir='ltr'><strong>rem</strong></span> <span class='ocrx_word' id='word_1_193' title='bbox 931 1607 1119 1638; x_wconf 82' lang='lat' dir='ltr'><strong>familiarem</strong></span> <span class='ocrx_word' id='word_1_194' title='bbox 1155 1608 1220 1648; x_wconf 71' lang='lat' dir='ltr'><strong>jam</strong></span> <span class='ocrx_word' id='word_1_195' title='bbox 1254 1607 1322 1639; x_wconf 73' lang='lat' dir='ltr'><strong>tum</strong></span> 
     </span>
     <span class='ocr_line' id='line_1_40' title="bbox 739 1654 1324 1698; baseline 0.005 -14"><span class='ocrx_word' id='word_1_196' title='bbox 739 1655 981 1697; x_wconf 82' lang='lat' dir='ltr'><strong>absumpserat?</strong></span> <span class='ocrx_word' id='word_1_197' title='bbox 991 1654 1042 1686; x_wconf 83' lang='lat' dir='ltr'><strong>Ad</strong></span> <span class='ocrx_word' id='word_1_198' title='bbox 1054 1656 1200 1698; x_wconf 81' lang='lat' dir='ltr'><strong>exempla</strong></span> <span class='ocrx_word' id='word_1_199' title='bbox 1212 1657 1324 1687; x_wconf 76' lang='lat' dir='ltr'><strong>transit</strong></span> 
     </span>
     <span class='ocr_line' id='line_1_41' title="bbox 738 1704 852 1734; baseline 0 -1"><span class='ocrx_word' id='word_1_200' title='bbox 738 1704 852 1734; x_wconf 85' lang='lat' dir='ltr'><strong>Horat.</strong></span> 
     </span>
    </p>

    <p class='ocr_par' dir='ltr' id='par_1_10' title="bbox 732 1749 1329 2315">
     <span class='ocr_line' id='line_1_42' title="bbox 787 1749 1326 1793; baseline 0.004 -13"><span class='ocrx_word' id='word_1_201' title='bbox 787 1761 819 1782; x_wconf 85' lang='lat'><strong>2.</strong></span> <span class='ocrx_word' id='word_1_202' title='bbox 835 1749 1002 1792; x_wconf 76' lang='lat' dir='ltr'><strong>Insignem</strong></span> <span class='ocrx_word' id='word_1_203' title='bbox 1017 1750 1109 1781; x_wconf 86' lang='lat' dir='ltr'><strong>tenui</strong></span> <span class='ocrx_word' id='word_1_204' title='bbox 1105 1749 1220 1793; x_wconf 75' lang='lat' dir='ltr'><strong>fronte</strong></span> <span class='ocrx_word' id='word_1_205' title='bbox 1231 1762 1243 1782; x_wconf 90' lang='grc'><strong>.·</strong></span> <span class='ocrx_word' id='word_1_206' title='bbox 1256 1762 1326 1782; x_wconf 87' lang='lat' dir='ltr'><strong>non</strong></span> 
     </span>
     <span class='ocr_line' id='line_1_43' title="bbox 737 1798 1325 1840; baseline 0.003 -12"><span class='ocrx_word' id='word_1_207' title='bbox 737 1798 878 1839; x_wconf 85' lang='lat' dir='ltr'><strong>placeret</strong></span> <span class='ocrx_word' id='word_1_208' title='bbox 899 1799 1020 1828; x_wconf 84' lang='lat' dir='ltr'><strong>nostris</strong></span> <span class='ocrx_word' id='word_1_209' title='bbox 1044 1798 1160 1840; x_wconf 84' lang='lat' dir='ltr'><strong>puellis</strong></span> <span class='ocrx_word' id='word_1_210' title='bbox 1185 1806 1240 1830; x_wconf 91' lang='lat' dir='ltr'><strong>aut</strong></span> <span class='ocrx_word' id='word_1_211' title='bbox 1259 1810 1325 1830; x_wconf 89' lang='lat' dir='ltr'><strong>ma-</strong></span> 
     </span>
     <span class='ocr_line' id='line_1_44' title="bbox 736 1844 1326 1884; baseline 0.005 -9"><span class='ocrx_word' id='word_1_212' title='bbox 736 1847 839 1876; x_wconf 80' lang='lat' dir='ltr'><strong>tronis</strong></span> <span class='ocrx_word' id='word_1_213' title='bbox 858 1844 995 1884; x_wconf 80' lang='lat' dir='ltr'><strong>hujusce</strong></span> <span class='ocrx_word' id='word_1_214' title='bbox 1017 1845 1106 1877; x_wconf 84' lang='lat' dir='ltr'><strong>modi</strong></span> <span class='ocrx_word' id='word_1_215' title='bbox 1129 1848 1326 1879; x_wconf 84' lang='lat' dir='ltr'><strong>encomium.</strong></span> 
     </span>
     <span class='ocr_line' id='line_1_45' title="bbox 738 1892 1329 1934; baseline 0.003 -10"><span class='ocrx_word' id='word_1_216' title='bbox 738 1893 872 1924; x_wconf 83' lang='lat' dir='ltr'><strong>Constat</strong></span> <span class='ocrx_word' id='word_1_217' title='bbox 884 1892 969 1934; x_wconf 90' lang='lat' dir='ltr'><strong>apud</strong></span> <span class='ocrx_word' id='word_1_218' title='bbox 983 1895 1147 1925; x_wconf 79' lang='lat' dir='ltr'><strong>Romanos</strong></span> <span class='ocrx_word' id='word_1_219' title='bbox 1156 1894 1273 1926; x_wconf 86' lang='lat' dir='ltr'><strong>frontis</strong></span> <span class='ocrx_word' id='word_1_220' title='bbox 1283 1902 1329 1926; x_wconf 81' lang='lat' dir='ltr'><strong>te-</strong></span> 
     </span>
     <span class='ocr_line' id='line_1_46' title="bbox 736 1941 1329 1984; baseline 0.003 -14"><span class='ocrx_word' id='word_1_221' title='bbox 736 1941 892 1971; x_wconf 85' lang='lat' dir='ltr'><strong>nuitatem</strong></span> <span class='ocrx_word' id='word_1_222' title='bbox 901 1942 986 1971; x_wconf 84' lang='lat' dir='ltr'><strong>inter</strong></span> <span class='ocrx_word' id='word_1_223' title='bbox 998 1942 1175 1983; x_wconf 84' lang='lat' dir='ltr'><strong>praecipuas</strong></span> <span class='ocrx_word' id='word_1_224' title='bbox 1185 1941 1329 1984; x_wconf 82' lang='lat' dir='ltr'><strong>pulchri·</strong></span> 
     </span>
     <span class='ocr_line' id='line_1_47' title="bbox 737 1987 1326 2020; baseline 0.003 -3"><span class='ocrx_word' id='word_1_225' title='bbox 737 1987 861 2018; x_wconf 77' lang='lat' dir='ltr'><strong>tudinis</strong></span> <span class='ocrx_word' id='word_1_226' title='bbox 879 1995 973 2019; x_wconf 78' lang='lat' dir='ltr'><strong>notas</strong></span> <span class='ocrx_word' id='word_1_227' title='bbox 986 1988 1094 2020; x_wconf 88' lang='lat' dir='ltr'><strong>fuisse.</strong></span> <span class='ocrx_word' id='word_1_228' title='bbox 1111 1989 1269 2020; x_wconf 81' lang='lat' dir='ltr'><strong>Martialis</strong></span> <span class='ocrx_word' id='word_1_229' title='bbox 1286 1989 1326 2020; x_wconf 88' lang='lat' dir='ltr'><strong>de</strong></span> 
     </span>
     <span class='ocr_line' id='line_1_48' title="bbox 735 2035 1324 2077; baseline 0.003 -11"><span class='ocrx_word' id='word_1_230' title='bbox 735 2035 847 2077; x_wconf 89' lang='lat' dir='ltr'><strong>puello</strong></span> <span class='ocrx_word' id='word_1_231' title='bbox 856 2037 948 2075; x_wconf 86' lang='lat' dir='ltr'><strong>cujus</strong></span> <span class='ocrx_word' id='word_1_232' title='bbox 956 2036 1092 2067; x_wconf 87' lang='lat' dir='ltr'><strong>formam</strong></span> <span class='ocrx_word' id='word_1_233' title='bbox 1104 2036 1324 2069; x_wconf 79' lang='lat' dir='ltr'><strong>commendat:</strong></span> 
     </span>
     <span class='ocr_line' id='line_1_49' title="bbox 736 2083 1323 2126; baseline 0.005 -14"><span class='ocrx_word' id='word_1_234' title='bbox 736 2084 838 2113; x_wconf 83' lang='lat' dir='ltr'><strong>Frons</strong></span> <span class='ocrx_word' id='word_1_235' title='bbox 864 2083 981 2121; x_wconf 77' lang='lat' dir='ltr'><strong>brevis,</strong></span> <span class='ocrx_word' id='word_1_236' title='bbox 1000 2091 1099 2126; x_wconf 81' lang='lat' dir='ltr'><strong>aeque</strong></span> <span class='ocrx_word' id='word_1_237' title='bbox 1122 2084 1235 2114; x_wconf 82' lang='lat' dir='ltr'><strong>modus</strong></span> <span class='ocrx_word' id='word_1_238' title='bbox 1253 2084 1323 2116; x_wconf 82' lang='lat' dir='ltr'><strong>bre·</strong></span> 
     </span>
     <span class='ocr_line' id='line_1_50' title="bbox 732 2129 1322 2174; baseline 0.002 -14"><span class='ocrx_word' id='word_1_239' title='bbox 732 2129 812 2160; x_wconf 74' lang='grc' dir='ltr'><em>νίῐὲν</em></span> <span class='ocrx_word' id='word_1_240' title='bbox 828 2130 871 2160; x_wconf 81' lang='lat' dir='ltr'><strong>sic</strong></span> <span class='ocrx_word' id='word_1_241' title='bbox 886 2130 1019 2161; x_wconf 82' lang='lat' dir='ltr'><strong>naribus</strong></span> <span class='ocrx_word' id='word_1_242' title='bbox 1033 2131 1132 2167; x_wconf 81' lang='lat' dir='ltr'><strong>uncis,</strong></span> <span class='ocrx_word' id='word_1_243' title='bbox 1147 2132 1206 2169; x_wconf 87' lang='lat' dir='ltr'><strong>IV,</strong></span> <span class='ocrx_word' id='word_1_244' title='bbox 1220 2137 1275 2171; x_wconf 75' lang='lat'><strong>41,</strong></span> <span class='ocrx_word' id='word_1_245' title='bbox 1287 2144 1322 2174; x_wconf 76' lang='lat'><strong>9,</strong></span> 
     </span>
     <span class='ocr_line' id='line_1_51' title="bbox 733 2177 1323 2220; baseline 0.007 -12"><span class='ocrx_word' id='word_1_246' title='bbox 733 2178 922 2216; x_wconf 81' lang='lat' dir='ltr'><strong>Petronius,</strong></span> <span class='ocrx_word' id='word_1_247' title='bbox 946 2179 982 2208; x_wconf 88' lang='lat' dir='ltr'><strong>in</strong></span> <span class='ocrx_word' id='word_1_248' title='bbox 1008 2179 1115 2210; x_wconf 85' lang='lat' dir='ltr'><strong>Circes</strong></span> <span class='ocrx_word' id='word_1_249' title='bbox 1138 2177 1323 2220; x_wconf 67' lang='lat' dir='ltr'><strong>descriptio-</strong></span> 
     </span>
     <span class='ocr_line' id='line_1_52' title="bbox 733 2224 1322 2267; baseline 0.007 -13"><span class='ocrx_word' id='word_1_250' title='bbox 733 2235 794 2263; x_wconf 80' lang='lat' dir='ltr'><strong>ne,</strong></span> <span class='ocrx_word' id='word_1_251' title='bbox 804 2224 906 2267; x_wconf 77' lang='lat' dir='ltr'><strong>frons</strong></span> <span class='ocrx_word' id='word_1_252' title='bbox 920 2225 1066 2257; x_wconf 84' lang='lat' dir='ltr'><strong>minima.</strong></span> <span class='ocrx_word' id='word_1_253' title='bbox 1085 2227 1153 2258; x_wconf 80' lang='lat' dir='ltr'><strong>Nos</strong></span> <span class='ocrx_word' id='word_1_254' title='bbox 1172 2226 1189 2257; x_wconf 79' lang='grc' dir='ltr'>ὲ</span> <span class='ocrx_word' id='word_1_255' title='bbox 1208 2227 1322 2258; x_wconf 75' lang='lat' dir='ltr'><strong>contra</strong></span> 
     </span>
     <span class='ocr_line' id='line_1_53' title="bbox 732 2271 1322 2315; baseline 0.005 -13"><span class='ocrx_word' id='word_1_256' title='bbox 732 2271 828 2303; x_wconf 86' lang='lat' dir='ltr'><strong>latam</strong></span> <span class='ocrx_word' id='word_1_257' title='bbox 854 2280 886 2304; x_wconf 87' lang='lat' dir='ltr'><strong>et</strong></span> <span class='ocrx_word' id='word_1_258' title='bbox 916 2280 1058 2315; x_wconf 83' lang='lat' dir='ltr'><strong>apertam</strong></span> <span class='ocrx_word' id='word_1_259' title='bbox 1086 2273 1226 2305; x_wconf 82' lang='lat' dir='ltr'><strong>frontem</strong></span> <span class='ocrx_word' id='word_1_260' title='bbox 1252 2274 1322 2306; x_wconf 87' lang='lat' dir='ltr'><strong>lau-</strong></span> 
     </span>
    </p>
   </div>
   <div class='ocr_carea' id='block_1_10' title="bbox 1131 2335 1197 2373">
    <p class='ocr_par' dir='ltr' id='par_1_11' title="bbox 1131 2335 1197 2373">
     <span class='ocr_line' id='line_1_54' title="bbox 1131 2335 1197 2373; baseline 0.03 -2"><span class='ocrx_word' id='word_1_261' title='bbox 1131 2335 1197 2373; x_wconf 63' lang='grc' dir='ltr'><strong>ιι*</strong></span> 
     </span>
    </p>
   </div>
  </div>
 </body>
</html>
