1416 2508
73 114 1054 136 wmmmmmvuswnwssssmsw=nusnm
1059 115 1116 126 vus
1121 115 1304 127 mmm

358 299 1011 379 PRAEFATIO.

58 739 194 813 *CUM
223 750 368 794 nullus
393 750 507 792 inter
529 750 749 790 Romanos
773 758 924 806 poetas
947 749 1139 807 plurium
1171 755 1302 811 quam

76 820 284 863 Horatius
334 828 641 860 annotatorum
687 826 762 858 aut
807 816 1096 877 interpretum
1147 820 1303 863 indus-

77 890 204 932 triam
237 887 500 941 exercuerit,
538 885 698 927 mirum
738 884 920 927 fortasse
960 885 1183 930 videbitur
1222 905 1303 931 nos

58 953 122 1000 'in
141 955 313 999 edendo
338 970 454 997 novo
476 952 656 1012 prorsus
681 952 766 993 hoc
791 955 1105 997 commentario
1126 956 1306 999 insuda-

75 1026 202 1069 visse.
231 1023 318 1079 Qui
342 1023 457 1064 enim
495 1021 665 1063 labores
701 1022 725 1061 a
754 1027 819 1061 tot
848 1021 1028 1064 eruditis
1056 1023 1158 1066 viris
1180 1029 1308 1067 antea

78 1091 336 1145 exantlatos,
364 1091 439 1149 qui
472 1089 648 1132 nomina
676 1087 908 1146 utriusque
936 1090 1166 1148 Stephani,
1203 1093 1306 1135 Mu-

77 1161 184 1214 reti,
198 1158 406 1212 Fabricii,
422 1157 645 1210 Lambini,
667 1156 871 1212 Cruquii,
893 1157 1114 1200 Torrentii
1132 1193 1144 1214 ,
1168 1161 1306 1202 Hein-

78 1227 148 1280 sii,
177 1225 353 1268 Joannis
378 1222 526 1277 Bond,
559 1222 762 1275 Minellii,
798 1223 1003 1278 Dacierii,
1035 1225 1305 1282 Sanadonis,

77 1295 99 1336 J
101 1293 290 1347 uvencii,
305 1291 507 1345 Bentleii,
519 1291 794 1348 Cuningham
806 1323 816 1344 ,
829 1301 889 1344 et,
908 1305 964 1332 ne
979 1304 1220 1337 coaetaneos
1238 1295 1306 1337 in-

72 1362 190 1415 justo
216 1374 410 1419 premam
432 1357 603 1400 silentio
620 1390 632 1412 ,
658 1372 750 1398 non
772 1356 919 1399 minus
942 1358 1159 1402 celebrata
1178 1362 1305 1403 Mits-

77 1427 285 1481 chel-lich,
301 1423 693 1484 Doering,Wetzell,
704 1425 768 1466 De
779 1424 952 1484 Wailly,
966 1426 1304 1490 Vanderbourg,

77 1489 199 1538 Daru
217 1494 396 1536 nomina
414 1493 622 1535 memorie
639 1491 932 1551 recollegerit,
959 1493 995 1535 is
1012 1495 1137 1537 facile
1160 1497 1305 1539 existi-

78 1563 278 1616 maverit,
308 1574 390 1603 nos
426 1560 495 1602 vel
515 1559 716 1601 inutilem
742 1573 920 1618 operam
955 1561 1203 1620 legentibus
1232 1581 1307 1606 na-

79 1629 266 1683 vavisse,
298 1629 334 1670 si
359 1627 498 1670 doctis
524 1642 679 1669 eorum
704 1627 893 1685 vestigiis
912 1628 1110 1672 insistere
1139 1647 1309 1674 recusa-

79 1696 288 1749 verimus,
312 1694 380 1737 vel
411 1695 592 1737 omnino
630 1708 1016 1752 supervacaneam,
1034 1698 1070 1738 si
1100 1699 1209 1740 nihil
1231 1700 1305 1741 hic

79 1762 212 1806 hodie
230 1762 436 1821 prodeat,
452 1761 573 1821 quod
592 1777 682 1804 non
705 1762 750 1802 in
774 1764 1050 1821 superiorum
1077 1781 1302 1810 commen-

81 1831 198 1874 fariis
225 1831 444 1890 prolatum
475 1833 600 1873 antea
625 1829 767 1872 fuerit.

126 1896 357 1942 *Diluenda
381 1897 514 1958 igitur
537 1899 618 1941 ista
641 1898 709 1942 vel
730 1899 981 1941 temeritatis
1004 1901 1071 1943 vel
1091 1902 1305 1948 futilitatis

82 1968 320 2022 accusati03
338 1966 458 2025 quod
477 1978 527 2010 ut
548 1981 847 2025 assequamur,
872 1981 1048 2010 necesse
1074 1970 1214 2013 visum
1242 1983 1307 2015 est

82 2034 270 2077 breviter
290 2048 506 2092 exponere
526 2035 622 2092 quis
645 2033 776 2076 fuerit
792 2034 931 2075 nostri
951 2036 1095 2093 operis
1121 2052 1280 2096 scopus
1293 2072 1305 2093 ,

84 2112 136 2145 et*
154 2099 403 2160 quomodo,
431 2117 521 2144 non
550 2101 780 2160 neglectis,
814 2100 890 2142 sed
921 2101 1074 2145 seduli)
1100 2105 1124 2145 e
1153 2109 1307 2149 contra

82 2166 354 2227 investigatis·
368 2168 518 2226 priscae
544 2167 802 2211 eruditionis
825 2168 1002 2227 opibus,
1031 2185 1188 2213 novam
1207 2183 1304 2215 tan-

84 2234 312 2281 tt‘unmode
329 2234 514 2278 formam
545 2246 589 2278 et
618 2235 674 2278 ad
700 2245 874 2279 nostros
903 2251 1046 2280 mores
1071 2239 1206 2296 magis
1232 2255 1304 2283 ac·

218 2314 249 2354 I.
1123 2327 1149 2351 a
