1456 2508
471 142 550 173 Lm.
577 141 594 171 1
617 139 706 172 omi
729 139 857 171 xxm.
1234 149 1278 180 99

163 211 226 250 Ad
243 218 402 248 ventum
419 208 538 255 foliis,
557 220 625 246 seu
643 205 787 244 virides
803 203 947 243 rubum

221 270 432 309 Dimovere
450 270 622 314 lacertae,

271 333 320 379 Et
332 329 456 368 corde
476 338 514 368 et
533 327 694 380 genibus
714 327 856 364 tremit.

166 392 287 442 Atqui
302 388 319 414 3
332 405 411 430 non
429 402 502 442 ego
521 399 559 428 te
571 418 581 436 ‚
601 388 709 440 tigris
729 395 772 425 ut
791 399 945 439 aspera,

167 452 389 492 Gaetulusve
405 454 484 501 leo,
504 451 681 503 frangere
699 461 924 501 persequor.
1247 466 1276 481 10

63 638 173 662 ventus
187 628 299 674 soliis,
324 635 448 660 servata
474 634 507 659 et
533 627 642 659 defen-

63 689 96 710 sa
127 677 146 709 ὲ
174 677 356 709 novissimis
387 675 568 707 editoribus
579 698 587 714 ,
598 685 644 705 sa-

65 725 124 764 ne,
140 724 248 766 quoad
274 724 424 755 dictionis
456 723 644 766 elegantiam

63 779 96 804 et
110 772 237 804 doctam
253 772 408 802 orationis
425 771 644 801 inversionem

63 819 222 851 adventus
247 818 336 849 ven's
370 817 536 848 mobilibus
548 816 645 859 soliis

63 866 222 898 inhorruit
238 876 299 908 pro
315 875 324 897 :
344 865 478 896 mobilia
495 865 571 895 folia
595 866 645 896 in-

62 908 264 946 horruerunt
285 912 427 944 adventu
445 913 528 943 veris
545 911 599 954 (h.
614 924 641 944 e.

63 963 154 995 venti
164 961 301 993 vernalis
310 985 319 1000 ,
333 960 473 1002 Zephyri
491 958 590 1002 flatu)
600 967 644 991 at-

64 1010 166 1049 tinet,
194 1010 331 1040 Horatio
359 1008 545 1050 dignissima
577 1015 644 1047 est3

65 1057 122 1088 sed
133 1080 143 1097 ‚
155 1058 182 1087 si
200 1067 268 1087 rem
291 1063 414 1098 spectas
425 1079 434 1094 ‚
451 1054 648 1086 difficultati-

65 1104 128 1136 bus
150 1104 207 1135 illa
227 1103 370 1142 laborat,
387 1114 467 1145 quas
490 1114 559 1133 non
582 1110 646 1134 tam

65 1152 158 1183 facile
171 1150 322 1194 expedias
334 1162 425 1190 ;nam
433 1148 586 1192 primiim,
601 1161 648 1180 ar-

65 1199 162 1231 bores
176 1197 325 1230 nondum
340 1198 400 1229 sub
410 1199 494 1229 veris
506 1197 647 1228 adventu

67 1246 247 1279 induerunt
261 1247 337 1277 folia
347 1269 356 1285 ,
371 1256 444 1288 quae
453 1252 569 1276 ventus
582 1256 649 1276 mo-

67 1305 144 1326 vere
165 1301 197 1325 et
209 1294 374 1335 impellere
393 1294 512 1335 possit;
530 1292 647 1323 deinde

24 1362 29 1366 ·
67 1341 200 1374 hinnuli
213 1351 284 1372 non
299 1341 362 1372 sub
383 1341 466 1372 veris
485 1339 644 1378 adventu,

69 1389 127 1421 sed
149 1389 210 1420 snb
224 1389 293 1428 ejus
315 1387 402 1427 fine,
415 1398 526 1418 mense
544 1389 565 1418 J
568 1389 648 1418 unio

69 1434 201 1468 demum
210 1459 220 1475 ‚
233 1446 300 1478 quo
315 1442 496 1466 nascuntur
507 1459 516 1474 ‚
532 1441 649 1466 matres

69 1495 142 1516 suas
157 1484 249 1526 sequi
262 1483 383 1522 solent3
400 1483 490 1513 aiunt
517 1482 648 1524 quidem

70 1531 226 1574 plurimas
245 1532 282 1562 in
312 1529 404 1562 ltalia
429 1540 495 1560 esse
516 1530 648 1561 arbores

69 1579 244 1616 silvestres,
266 1589 300 1610 v.
327 1589 356 1610 c.
385 1578 515 1608 laurum
527 1601 535 1616 ‚
561 1588 650 1619 myr-

70 1633 142 1658 tum
170 1632 245 1658 cett.
270 1635 343 1667 quae
370 1625 476 1655 hieme
499 1635 567 1655 non
587 1626 649 1666 pri-

71 1679 192 1704 ventur
204 1673 306 1711 foliis;
322 1674 368 1704 sic
378 1679 410 1703 et
423 1683 481 1714 per
481 1671 572 1715 fhlia
583 1683 650 1702 mo-

71 1719 151 1755 bilia
167 1731 223 1759 ea,
238 1730 312 1762 quae
330 1721 366 1751 in
389 1727 507 1750 terram
528 1719 653 1751 decide-

72 1768 156 1807 rint,
171 1767 308 1810 intelligi
333 1777 442 1809 posse3
469 1778 578 1798 cervas
599 1778 652 1798 au-

75 1821 142 1847 ton
163 1821 197 1846 et
222 1825 352 1856 capreas
369 1825 428 1856 per
445 1814 526 1845 dnos
541 1821 573 1845 et
585 1821 649 1846 tres

75 1862 177 1895 muni
203 1872 313 1893 secum
337 1861 455 1892 ducere
480 1862 651 1900 hinnulos;

75 1907 132 1940 ced
146 1909 217 1940 inas
236 1908 367 1940 arbores
389 1909 443 1940 vel
466 1909 552 1939 arida
577 1909 653 1940 folia

74 1954 169 1988 humi
179 1956 317 1996 jacentia
331 1963 458 1998 poetam
477 1958 653 1998 respexisse

75 2003 135 2034 vix
162 2002 350 2045 probabile,
382 2010 414 2034 et
447 2003 583 2034 alterum
613 2003 652 2034 de

74 2048 222 2082 hinnulis
246 2050 362 2082 falsum
383 2058 449 2090 est;
466 2061 652 2092 caprearum

74 2097 163 2129 enim
195 2103 229 2128 et
261 2108 427 2129 cervarum
459 2099 562 2140 pulli,
587 2097 653 2137 jam

73 2153 179 2176 unum
209 2155 331 2176 annum
354 2146 440 2185 nati,
459 2156 565 2187 neque
590 2156 654 2176 am-

73 2190 162 2235 plina
186 2198 265 2224 sunt
291 2191 442 2231 hinnuli,
463 2203 569 2234 neque
587 2204 654 2224 ma-

73 2238 180 2271 tribus
205 2239 313 2271 adhuc
340 2239 519 2278 adhaerent,
549 2240 653 2271 multo

73 2285 182 2319 tim‘u
199 2297 251 2319 em
264 2287 396 2330 pavidas
409 2288 445 2318 in
457 2287 546 2318 silvis
563 2298 651 2330 quae-

697 633 792 663 runt3
808 626 916 666 itaque
932 622 1005 655 chun
1023 635 1134 655 omnes
1149 623 1206 654 has
1222 622 1280 653 dif-

697 672 858 704 ficultates
900 679 1064 703 removeat
1099 671 1154 702 illa
1189 672 1279 714 inge·

697 720 788 750 niose
817 726 848 750 et
874 718 1034 750 levissima
1060 719 1239 750 mutatione
1263 717 1281 748 a

699 767 844 798 Bentleio
869 768 1043 798 constituta
1067 766 1164 798 lectio
1176 789 1184 804 ,
1210 776 1279 796 eam

698 815 734 844 in
747 821 873 845 textum
883 821 1045 856 receptam
1054 821 1185 844 secutus
1197 824 1279 844 sum.

698 863 778 892 ——E
779 869 791 892 t
799 861 897 892 corde
906 870 938 893 et
941 861 1075 904 genibus
1085 860 1214 893 tremit:
1224 871 1281 892 eor

698 910 728 940 ei
742 910 857 948 micat,
872 910 1020 948 subsilit,
1031 919 1136 952 genua
1154 905 1275 940 laban't.

747 958 778 988 3.
795 956 900 998 Aequi
913 967 921 989 t
939 964 1090 988 attamen.
1112 974 1159 980 -—
1179 955 1284 998 Tigris

699 1012 735 1035 ut
750 1015 868 1046 aspera
880 1028 889 1042 ,
910 1004 1092 1036 Gaetulusve
1108 1004 1159 1035 leo
1175 1014 1186 1034 .·
1205 1001 1281 1034 ciim

699 1052 839 1094 puellam
857 1051 1014 1084 hinnuleo
1036 1051 1173 1082 similem
1188 1050 1280 1082 dixe-

701 1101 762 1138 rit,
790 1100 877 1131 recte
919 1100 1151 1142 comparationi
1186 1100 1285 1130 instat

700 1145 842 1189 primum
864 1148 1038 1186 institutae,
1054 1145 1133 1177 dum
1161 1157 1193 1177 se
1223 1157 1283 1177 nec

702 1194 831 1237 tigridi,
842 1206 902 1226 nec
915 1195 1003 1226 leoni
1013 1194 1149 1226 similem
1163 1196 1284 1225 asserit.

702 1260 748 1266 ——-
762 1242 905 1273 Gaetulus
915 1253 926 1272 .·
942 1243 1078 1274 Gaetulia
1090 1266 1098 1280 ‚
1114 1253 1186 1284 pars
1201 1241 1286 1272 Afri-

701 1301 745 1320 cae
756 1313 764 1328 ,
789 1291 995 1322 Mauritaniae
1006 1314 1015 1329 ,
1032 1290 1071 1320 ad
1095 1289 1263 1320 meridiem
1273 1313 1282 1328 ‚

702 1338 863 1379 contigua.
882 1339 995 1369 Africa
1010 1346 1136 1376 autem,
1154 1338 1283 1368 leonum

702 1385 797 1415 arida
822 1387 948 1417 nutrix.
963 1397 995 1417 v.
1013 1387 1049 1416 in
1066 1385 1128 1418 Od.
1142 1384 1282 1426 praeced.

703 1444 734 1464 v.
766 1433 817 1464 15.
834 1450 882 1456 —-
895 1434 1061 1476 Frangere
1079 1443 1261 1474 persequor
1272 1440 1295 1467 ι

702 1481 804 1522 graece
820 1491 880 1522 pro
893 1492 1072 1522 persequor
1085 1480 1133 1511 ad
1146 1488 1178 1511 te
1187 1479 1286 1522 sran-

700 1528 846 1570 gendam
857 1527 1036 1571 :frangere
1049 1529 1155 1559 autem
1169 1527 1223 1558 hic
1232 1538 1286 1568 ap-

703 1575 823 1605 tissime
836 1578 972 1617 ponitur
983 1600 991 1614 ,
1006 1577 1073 1606 sive
1091 1575 1131 1606 ad
1146 1575 1228 1605 feras
1240 1585 1288 1605 re-

702 1622 823 1653 latione
834 1645 842 1661 ,
862 1634 935 1665 quae
961 1623 1114 1654 dentibus
1120 1622 1288 1665 frangunt

704 1677 735 1700 et
768 1678 943 1702 conterunt
975 1670 1121 1702 membra
1153 1681 1287 1711 ossaque

705 1717 892 1749 animalium
901 1719 976 1749 fami
992 1729 1058 1749 suae
1067 1718 1283 1757 objectorum,

704 1766 771 1796 sive
793 1765 833 1796 ad
855 1766 997 1797 furorem
1013 1767 1191 1796 amantium
1211 1766 1284 1806 qui,

706 1823 792 1844 caeco
819 1814 943 1854 impetu
984 1813 1128 1855 abrepti,
1165 1813 1287 1855 wirgini

707 1861 773 1891 vim
787 1860 907 1891 inferre
926 1861 1100 1902 aliquando
1112 1871 1181 1892 non
1193 1859 1286 1891 dubi-

707 1915 777 1939 tant
789 1931 798 1946 ,
813 1908 903 1950 quod
916 1919 1004 1947 eam,
1020 1910 1087 1939 sive
1102 1909 1171 1948 ejus
1187 1909 1285 1949 virgi·

707 1957 840 1986 nitatem
849 1954 1023 1998 frangere,
1044 1956 1180 1998 proprio
1190 1979 1199 1994 ‚
1211 1955 1286 1986 sub-

707 2003 850 2034 obsceno
887 2004 994 2034 tamen
1030 2014 1127 2034 sensu
1155 2003 1287 2034 dicitur.

706 2051 859 2081 Horatius
881 2062 914 2082 se
931 2050 948 2081 a
965 2058 1030 2082 tam
1043 2050 1175 2081 scelesta
1190 2058 1289 2081 teme-

707 2099 801 2128 ritate
811 2097 1039 2129 abhorrentem
1046 2096 1231 2139 profitetur.
1242 2115 1291 2122 -—

712 2145 859 2176 Tandem
874 2157 886 2176 .·
903 2145 1034 2176 fruendi
1053 2146 1289 2187 impatientiam

707 2191 877 2235 significat,
910 2212 958 2217 —
988 2195 1129 2224 Matrem
1171 2192 1265 2235 sequi
1278 2204 1291 2223 .·

706 2240 833 2271 servata
875 2241 1014 2283 imagine
1054 2239 1093 2271 de
1129 2240 1270 2271 hinnulo
1280 2263 1290 2278 ,

706 2298 788 2329 pro,
811 2298 881 2319 eam
910 2289 1077 2326 comitari,
1098 2287 1192 2320 lateri
1220 2289 1291 2328 ejus
