1456 2508
199 99 241 131 36
581 102 622 142 Q.
647 100 831 133 HORATII
854 101 1007 134 FLACCI

405 159 593 208 Expertus
609 171 773 196 vacuum
791 159 1005 197 Daedalusw
1023 171 1112 198 aera

354 217 489 255 Pennis
508 230 584 254 non
602 217 748 255 homini
768 218 876 256 datis.
1353 227 1385 252 3⁵

406 277 584 327 Perrupit
602 277 819 315 Acheronta
839 278 1050 316 Herculeus
1066 277 1212 316 labor-¹

299 344 302 347 ’
352 334 416 373 Nil
431 336 654 374 mortalibus
672 336 833 374 arduum
852 340 908 375 e'st
927 352 936 374 ε

406 394 550 432 Coelum
569 395 693 446 ipsum
712 396 874 445 petimus
893 396 1102 443 stultitiam,
1119 408 1242 446 neque

356 455 426 491 Per
445 463 616 492 nostrum
634 455 801 506 patimur
822 457 942 494 scelus
950 455 980 479 ²³

408 515 596 552 Iracunda
612 519 747 553 Jovem
768 528 911 565 ponere
933 516 1100 554 fulmina.
1351 527 1383 554 40

197 651 271 691 lud,
284 652 446 694 corripuit,
462 653 497 684 in
509 663 602 684 versu
615 660 766 694 sequente

198 700 288 741 quasi
305 700 367 730 alas
384 699 499 730 addere
516 699 670 731 videatur.

245 755 300 777 20.
315 746 489 782 Daedalus;
503 746 576 776 vide
591 745 711 776 Daedali
723 745 765 776 fa-

197 791 321 830 hulam,
343 793 437 823 initio
456 792 513 823 lib.
526 794 573 823 VI
591 791 715 823 AEneid.
733 798 765 822 et

196 839 276 868 VIII
289 838 501 880 Metamorph.
517 837 612 870 Ovid.
632 838 707 870 183.
717 856 764 861 —-

199 885 358 922 Vacuum,
374 884 558 916 hominibus
583 885 764 927 infrequen-

199 935 274 962 tem.

246 987 263 1006 2
273 986 300 1008 1.
317 978 488 1008 Herculeus
502 977 594 1008 labor
607 987 619 1007 .·
635 976 764 1007 andacia

196 1023 358 1062 Herculis,
381 1025 437 1065 qui
458 1035 515 1065 per
536 1025 601 1054 vim
616 1024 709 1053 vivus
725 1023 763 1053 ad

196 1068 318 1100 Inferos
333 1069 510 1108 descendit,
525 1077 557 1100 et
570 1069 645 1100 inde
659 1070 764 1100 Alces-

195 1121 250 1146 ten
267 1115 412 1147 Admetae
434 1117 600 1158 conjugem
625 1123 656 1146 et
677 1117 763 1146 trici-

193 1162 294 1203 pitem
316 1162 488 1194 Cerberum
509 1163 549 1193 ad
569 1173 699 1204 superos
715 1173 763 1192 re-

194 1209 303 1240 traxit.

243 1264 298 1286 22.
309 1254 429 1286 Coelum
442 1254 542 1298 ipsura
547 1254 682 1295 petimus
691 1255 763 1285 stul-

195 1298 268 1331 titid
283 1312 294 1331 :
315 1311 387 1340 seu,
403 1307 441 1331 ut
460 1301 585 1333 nonulli
608 1301 759 1340 credunt,

195 1346 234 1378 ad
257 1348 407 1390 Gigantas
427 1354 458 1379 et
483 1348 657 1380 Phaetonta
682 1349 760 1379 allu-

817 653 888 692 dat,
901 665 957 684 seu
970 651 1093 696 potins,
1110 660 1142 686 et
1156 665 1229 686 cum
1242 654 1384 686 versibus

817 706 904 742 seqq:
933 701 1036 731 multo
1061 699 1164 743 aptifis
1187 712 1366 733 connexum
1376 724 1385 740 ‚

816 747 971 788 intelligat
981 746 1126 778 homines
1134 771 1144 786 ‚
1156 758 1214 789 per
1225 747 1385 779 dementes

816 800 948 823 conatus
964 800 995 823 et
1006 794 1150 824 insanam
1163 793 1365 826 ambitionem
1374 817 1383 832 ,

816 839 897 870 coelo
911 840 972 880 ipsi
987 846 1019 869 et
1037 839 1096 869 diis
1109 841 1269 872 insultare.

863 886 918 916 23.
938 887 1003 915 Per
1018 893 1158 917 nostrum
1176 887 1277 918 scelus
1297 897 1308 917 .·
1328 897 1384 928 per

815 937 955 962 nostram
970 932 1179 973 impietatem,
1193 943 1265 974 quae
1277 935 1383 964 omnia

814 978 931 1008 seelera
945 979 1176 1019 complectitur.
1190 997 1237 1003 —-
1252 981 1384 1010 Iracun-

815 1024 859 1054 da
873 1023 1038 1066 fulmina;
1062 1025 1276 1068 metonymice
1290 1036 1298 1058 :
1323 1026 1384 1056 ful-

816 1072 900 1100 mina
931 1070 1048 1111 quihus
1074 1071 1267 1110 majestatem
1295 1082 1382 1103 suam

815 1118 915 1147 iratus
941 1117 1116 1149 ulciscitur.
1143 1119 1194 1149 Sic
1219 1118 1382 1150 claudian.

817 1162 856 1193 de
869 1165 908 1194 R.
924 1165 1011 1194 Pros.
1028 1165 1094 1199 111,
1108 1163 1152 1194 60
1166 1174 1174 1196 :
1192 1164 1311 1195 Sentiet
1323 1164 1383 1195 ira-

818 1217 885 1239 tam
897 1209 1013 1250 procul
1035 1209 1159 1251 aegida,
1180 1217 1212 1241 et
1234 1212 1381 1243 Juvenal.

817 1258 916 1294 XIII,
931 1266 997 1286 220
1010 1265 1019 1300 ξ
1033 1257 1137 1286 Iratus
1149 1257 1247 1287 cadat
1266 1257 1299 1287 in
1322 1263 1383 1288 ter-

814 1313 884 1338 ras,
903 1309 935 1332 et
940 1301 1064 1343 judicet
1077 1301 1170 1344 ignis.
1181 1321 1228 1327 —-
1240 1306 1378 1340 Ponere,

813 1349 981 1390 deponere.
