1456 2508
225 173 234 181 ‚
532 137 611 168 Lm.
637 137 670 168 11
694 134 782 168 01)ss
806 134 882 168 xv.

174 195 335 236 Evincet
354 196 491 234 ulmos.
513 197 614 234 Tum
633 194 814 242 violaria,
834 203 874 232 et

1240 142 1303 174 197

174 260 328 310 Myrtus
350 266 378 306 ²,
398 266 436 296 et
455 257 578 296 omnis
599 257 712 308 copia
731 256 885 295 narium

230 321 421 371 Spargent
443 318 594 357 olivetis
614 318 775 357 odorem
787 347 797 367 ,

282 380 491 421 Fertilibus
508 380 667 419 domino
687 380 824 432 priori.

179 445 278 482 Tum
295 444 416 494 spissa
437 443 554 482 ramis
572 443 705 481 laurea
727 442 741 466 3
764 441 936 480 fervidos

178 504 366 543 Excludet
386 506 495 543 ictus.
515 506 606 543 Non
623 503 678 543 ita
697 503 856 542 Romuli
1268 524 1276 538 1
1289 523 1298 537 ,ι

232 567 521 618 Praescriptum,
542 575 580 604 et
599 565 743 604 intonsi
763 565 920 603 Catonis

285 628 479 680 Auspiciis
495 627 524 676 4,
543 636 798 679 veterumque
818 629 968 665 norma.

179 691 357 728 Privatus
375 690 450 729 illis
469 702 605 728 census
622 688 637 713 ⁵
654 699 737 728 erat
753 689 883 727 brevis
897 717 908 736 ‚

180 755 392 792 Commune
408 765 611 805 magnum3
632 752 737 790 nulla
758 749 1005 803 decempedis
1025 750 1039 772 ⁶

73 872 293 916 metaphoram
319 872 416 904 ulmis
442 873 568 905 maritis
593 874 659 915 pla-

74 928 171 954 tanus
188 920 303 952 caelebs
317 921 655 962 oppounun--Evin-

75 976 128 1001 cet
138 979 150 1000 .·
163 967 278 1000 cedere
295 975 388 1011 coget
398 991 408 1007 ,
423 967 499 999 loco
518 979 579 1000 suo
604 968 658 999 de-

77 1015 232 1055 movebit,
243 1013 374 1058 penitus
387 1015 660 1058 expellet.Trans-

76 1064 175 1096 latam
201 1064 238 1095 in
264 1069 393 1095 nostros
417 1073 524 1094 mores
546 1063 659 1095 similis

75 1109 176 1144 luxua
188 1111 345 1142 insaniam
358 1110 411 1141 his
426 1111 573 1142 vex-sibus
588 1112 660 1142 atti-

76 1159 124 1202 git
136 1165 231 1202 poeta
247 1156 432 1200 recentior(
442 1158 590 1190 Clemens
603 1160 660 1190 Di-

77 1205 262 1250 vionensis)
274 1215 282 1238 :
292 1205 336 1237 Hs
351 1205 464 1237 livrenc
475 1205 497 1236 ὰ
513 1206 547 1237 Ia
557 1205 660 1237 bache

80 1265 124 1285 un
131 1252 248 1296 fertile
262 1263 400 1297 verger,
418 1253 506 1284 Mais
524 1253 564 1284 ils
577 1253 662 1297 jone

78 1301 102 1333 ὰ
112 1301 240 1344 grands
260 1300 346 1343 fiais
366 1300 499 1332 culeiver
518 1301 576 1332 des
599 1301 661 1344 e'pi-

79 1359 155 1386 nes,
175 1349 315 1381 Planter
323 1348 381 1379 des
393 1348 503 1381 arbres
517 1356 615 1381 mor-ts
630 1358 663 1382 et

78 1394 167 1428 ὂᾶιίι·
176 1395 233 1428 des
244 1395 363 1428 mines.

126 1454 158 1476 a.
188 1445 314 1484 Myrtus
328 1455 340 1474 :
364 1444 400 1474 in
421 1443 541 1485 plurali
559 1446 662 1477 nomi-

80 1492 190 1522 nativo
207 1498 330 1534 quartae
348 1490 584 1525 declinationis.
605 1494 660 1524 Di-

81 1539 167 1570 citur
178 1546 316 1579 mfltus,
331 1538 453 1580 myrcas
461 1563 471 1576 ‚
484 1547 522 1571 ut
535 1539 656 1579 laurus,

81 1583 202 1618 lauras.
230 1585 333 1628 Supra
359 1586 422 1619 Od.
446 1589 497 1625 ΙΙ,
526 1598 542 1627 7
556 1610 565 1627 ,
598 1599 659 1630 19:

82 1634 220 1674 Depone
235 1634 292 1664 sub
307 1634 402 1665 laum
416 1632 502 1666 med.
518 1653 565 1661 ·-
581 1636 662 1667 Om-

83 1680 132 1711 nis
150 1679 245 1722 copia
258 1680 384 1712 narium
405 1692 417 1711 .·
439 1692 550 1713 omnes
565 1682 660 1715 ssores

82 1727 320 1767 suaveolentes,
336 1729 394 1770 qui
415 1729 549 1761 naribus
571 1730 661 1762 blan-

83 1774 226 1814 dicendis,
248 1774 317 1817 ipsa
338 1775 564 1815 multitudine,
582 1778 660 1808 affa-

83 1822 142 1853 tim
168 1823 361 1855 inserviunt.
389 1824 552 1855 Poeticam
578 1826 661 1867 peri-

83 1869 225 1911 phrasim
247 1870 366 1909 injuste
391 1869 521 1902 damnat
548 1873 661 1904 Dacic-

85 1917 171 1954 rius,
193 1917 316 1948 meritis
342 1918 467 1950 Sanado
485 1927 580 1951 ornat
597 1920 662 1952 lau-

85 1963 192 1996 dibus.
205 1981 254 1989 —·
268 1965 430 2008 Spargent
444 1966 587 1999 olivetis.-
600 1979 662 2010 pro

84 2018 235 2054 spargent
251 2012 286 2043 in
304 2011 431 2045 olivetis
441 2037 451 2053 ,
466 2011 554 2046 nunc
570 2016 662 2047 avul-

85 2059 144 2095 sis,
164 2057 348 2101 quanquam
370 2071 482 2104 magna
502 2073 543 2093 ex
565 2063 605 2094 iis
627 2064 663 2094 in

85 2106 228 2148 priorem
239 2105 409 2139 domiuum
417 2109 538 2141 utilitas
548 2110 663 2141 redun-

85 2153 187 2186 daret.

133 2201 165 2232 3.
186 2200 265 2232 Τὰηι
280 2200 382 2242 spissa
400 2202 499 2234 ramis
521 2203 635 2235 laurea
649 2215 661 2236 ,⁴

84 2245 193 2279 laurea
216 2247 322 2279 densis
345 2248 429 2281 foliis
453 2257 485 2281 et
505 2253 662 2293 perpetuo

59 2291 70 2301 “
83 2294 277 2328 virentibus.
288 2314 334 2321 —
349 2296 498 2330 Femidos
513 2298 666 2332 excludet

711 871 815 902 ictae.-
828 871 904 902 solis
928 870 1035 902 radios
1056 872 1189 904 arcebit.
1202 865 1297 906 imon

713 916 828 958 βολαί,
843 919 994 961 Euripid.
1014 919 1131 952 Bacch.
1152 921 1239 961 4583
1254 922 1297 954 ic-

713 973 779 1004 tus,
803 966 944 997 verbera
971 966 1068 1005 solis,
1094 970 1223 1001 Lucret.
1246 972 1294 1009 V,

716 1014 783 1051 486
795 1036 804 1053 ,
822 1014 903 1045 612.

764 1067 795 1098 4.
816 1062 893 1099 Νοη
911 1060 958 1092 itia
982 1060 1114 1093 Romuli
1130 1064 1300 1107 Praescrip-

713 1116 799 1146 tum,
820 1116 853 1140 ec
878 1108 1002 1141 intonsi
1026 1109 1159 1141 Catonis
1178 1112 1299 1154 Auspi-

713 1156 770 1187 ciis
785 1167 797 1187 .-
821 1157 1001 1188 Romulum
1020 1164 1052 1188 et
1072 1158 1216 1199 priscum
1239 1161 1299 1192 ca-

714 1211 827 1235 tonem
839 1204 914 1235 ideo
924 1205 1112 1246 conjungit,
1123 1205 1198 1247 quia
1208 1209 1300 1249 prior

713 1251 800 1294 leges
814 1251 992 1293 disciplinae
1008 1252 1212 1293 condiderat,
1227 1266 1301 1296 pos—

714 1301 814 1331 terior
829 1300 908 1331 vero
924 1310 976 1331 eas
998 1301 1034 1331 in
1053 1310 1196 1342 pronum
1218 1301 1301 1334 dela-

713 1347 827 1379 bentes
859 1357 1005 1379 censurae
1034 1358 1101 1379 suae
1130 1350 1299 1382 severitate

714 1395 873 1426 sustinere
884 1401 1072 1427 tentaverat.
1083 1395 1235 1428 studium
1247 1408 1300 1429 an-

714 1443 780 1474 tem
795 1443 830 1474 in
850 1443 1016 1485 antiquam
1038 1453 1167 1475 morum
1189 1444 1300 1487 rigidi-

714 1497 814 1521 tatem
838 1490 999 1532 prodebat
1021 1490 1101 1523 Cato
1113 1514 1122 1529 ,
1138 1492 1211 1533 ipso
1231 1503 1300 1524 cor-

713 1539 803 1580 poris
819 1538 934 1569 habitu
946 1561 955 1577 ,
973 1537 1139 1580 barbzique
1153 1538 1300 1573 intonsa.

713 1586 799 1617 Vide
812 1593 924 1617 notam
937 1586 973 1617 in
991 1585 1055 1617 Od.
1072 1587 1087 1616 1
1099 1609 1108 1625 ‚
1130 1597 1169 1617 12
1183 1610 1192 1626 ‚
1211 1593 1267 1624 41.

765 1634 796 1664 5.
824 1633 970 1664 Privatus
1000 1632 1065 1664 illis
1090 1644 1232 1666 census:
1248 1635 1296 1668 illi

713 1690 845 1723 parvam
873 1687 905 1713 et
931 1680 1108 1712 modestam
1135 1681 1300 1715 habebant

713 1739 783 1760 rem
808 1727 1006 1760 familiarem.
1029 1746 1077 1752 —
1095 1728 1271 1762 Commune
1286 1744 1298 1762 .-

714 1774 749 1807 τὸ
765 1773 864 1807 κοινὸν
875 1799 885 1815 ,
900 1776 974 1808 sub.
985 1776 1114 1809 bonum.
1127 1778 1298 1821 Quidquid

715 1822 756 1854 ad
779 1824 942 1855 civitatem
959 1824 1160 1866 pertinebat,
1180 1827 1299 1869 templa

715 1869 853 1902 deorum
864 1894 873 1910 ‚
888 1871 972 1903 aedes
989 1873 1116 1904 senatui
1135 1880 1166 1903 et
1182 1876 1298 1917 magis-

716 1918 854 1950 tratibus
871 1919 1055 1959 destinatae,
1072 1926 1201 1952 tantum
1225 1922 1299 1964 dig-

715 1967 825 1996 nitatis
869 1967 1101 2009 praeferebant,
1138 1976 1295 2010 quantum

715 2014 928 2055 simplicitatis
943 2014 1025 2046 aedes
1041 2017 1185 2057 privatae.

764 2062 796 2092 6.
814 2062 918 2093 Nulla
944 2062 1148 2103 decempedis
1172 2073 1295 2096 metata

710 2107 854 2150 porticus
868 2121 879 2140 .-
894 2109 988 2141 locus
999 2109 1054 2140 hic
1068 2120 1136 2141 non
1149 2111 1217 2142 sine
1234 2112 1299 2143 dif-

716 2154 862 2187 ficultate
871 2180 880 2196 ‚
894 2167 955 2188 nec
967 2154 985 2186 ὲ
998 2156 1176 2188 scholiastis
1190 2158 1239 2190 sat
1251 2159 1299 2191 lu-

718 2202 805 2242 cide,
820 2210 858 2234 ut
879 2205 1016 2246 opinor,
1030 2204 1218 2246 explicatus.
1237 2208 1299 2238 De-

717 2250 869 2293 cempeda
885 2258 931 2283 est
942 2262 1092 2282 mensura
1102 2274 1111 2290 ‚
1126 2252 1177 2283 vel
1188 2253 1298 2295 potius

716 2299 840 2340 portica
863 2299 898 2330 in
922 2298 1042 2342 pedum
1064 2297 1175 2331 decem
1198 2300 1298 2345 longi—

1117 2368 1135 2384 ψ

1069 2382 1112 2416 Ῑ7
