1456 2508
212 131 256 163 60
571 142 574 148 -
595 131 637 171 Q.
661 127 845 162 nonAzrn
868 127 1019 162 mcct

213 187 475 238 Tyrrhenum,
491 186 612 238 sapias
630 186 645 210 ⁵
666 201 674 222 :
695 187 783 224 vina
801 186 941 236 liques,
961 195 999 223 et
1016 185 1139 237 spatio
1157 184 1267 224 brevi

212 250 327 298 Spem
345 242 495 299 longam
514 260 658 285 reseces
677 246 703 285 ⁶.
725 250 827 285 Dum
844 247 1055 297 loquimur,
1075 245 1212 298 fugerit
1228 245 1357 284 invida

210 310 315 347 AEtas
333 316 359 346 7.
379 311 501 359 Carpe
519 308 619 345 diem
636 307 663 355 8,
684 310 798 359 quam
817 307 1014 345 minimum
1033 305 1187 345 credula
1205 315 1369 357 postero.

258 434 288 464 5.
307 434 440 474 Sapias;
454 433 617 463 evidenter
633 432 673 464 ad
687 433 776 475 phra-

209 480 267 510 sim
289 479 518 521 praecedentem
539 479 649 510 referri
670 479 775 511 debet.

211 527 321 558 Sem...
354 537 456 558 sem...
487 525 616 566 sapias;
644 526 713 556 redi
738 526 777 556 ad

209 574 411 614 sapientiam,
433 573 532 612 abjice
557 573 700 602 insanam
721 582 776 603 cu-

208 618 394 658 riositatem,
415 626 462 657 et,
476 618 565 660 quod
578 619 679 648 multo
698 629 774 659 pru·

207 663 334 696 (lentius
361 672 391 695 et
415 665 544 703 utilius,
559 682 607 688 --
623 664 707 694 vina
738 664 775 695 li-

208 722 286 752 ques
301 723 311 741 :
327 712 436 742 vinum
450 712 587 753 liquare,
605 718 650 741 est
665 711 774 741 vinum

205 768 266 798 per
284 765 377 788 tenue
391 757 495 788 linum
516 757 560 788 ita
577 759 613 788 iu
627 767 680 787 vas
697 757 773 787 sub-

202 805 323 842 jectum
346 803 584 842 transfundere,
607 809 644 833 ut
660 803 722 834 faex
743 811 774 834 et

204 860 277 891 pars
292 851 424 881 crassior
437 850 505 881 lino
518 850 687 888 adhaereat,
703 860 773 891 pars

204 897 318 937 purior
345 903 376 927 et
406 896 568 928 delicatior
595 896 659 926 sola
683 895 771 926 fluat.

204 943 388 973 Breviorem
405 943 693 984 perfectioremque?
708 943 775 972 vini

206 988 381 1021 defaecandi
394 995 491 1020 artem
504 989 600 1020 hodie
616 990 775 1030 cognosci-

203 1045 284 1067 mus.

254 1083 284 1113 6.
310 1083 354 1112 Ec
371 1082 474 1123 spatio
493 1081 578 1112 brevi
592 1092 680 1123 spem
705 1082 772 1112 lon-

201 1139 281 1171 gam
297 1139 417 1159 reseces
431 1140 442 1159 .·
465 1129 532 1159 noli
552 1139 676 1169 sperare
700 1139 773 1170 quae

204 1175 247 1206 oh
271 1176 345 1206 vitae
370 1175 556 1206 brevitatem
580 1176 702 1216 assequi
719 1186 772 1205 ne-

203 1223 285 1262 quis.
303 1223 499 1262 Frequenter
522 1221 606 1251 enim
627 1221 771 1252 homines

202 1267 285 1298 ultra
312 1268 539 1299 communioris
566 1267 639 1297 vitae
665 1269 770 1298 termi-

203 1323 283 1345 num
303 1324 373 1356 spes
396 1324 467 1344 suas
491 1312 684 1351 extendunt3
706 1313 770 1352 jam

202 1367 293 1392 aetate
316 1361 461 1401 provecti
490 1360 618 1390 arbores
643 1367 769 1398 serunt,

201 1418 270 1438 non
284 1405 414 1448 paterna
433 1405 504 1449 erga
519 1413 651 1447 nepotes
663 1407 770 1447 provi-

202 1452 325 1491 dentia,
348 1451 403 1483 sed
433 1463 473 1483 ex
503 1453 542 1482 iis
563 1453 710 1482 umbram
739 1459 770 1482 et

202 1500 327 1531 fructus
368 1498 430 1529 sibi
467 1499 669 1540 pollicentes,
702 1499 771 1539 qui-

201 1547 263 1577 bus
276 1543 440 1587 nunqu3³m
452 1544 580 1575 fruituri
592 1552 681 1583 sunt;
698 1547 771 1575 vina

202 1593 361 1634 trigesimo
379 1597 452 1632 post
472 1601 556 1621 anno
579 1589 701 1621 tantum
716 1601 772 1632 po-

202 1639 309 1670 tabilia
334 1639 369 1668 in
394 1637 480 1667 cellis
502 1645 705 1675 coacervant,
723 1638 769 1667 vi-

201 1686 281 1727 ginti
294 1693 393 1714 annos
406 1683 447 1714 ad
461 1693 620 1714 summum
636 1684 769 1721 victuri,

201 1732 286 1763 etsie
301 1730 340 1761 de
354 1730 484 1761 caeteris.
495 1728 574 1761 Tam
583 1730 687 1772 longae
700 1740 769 1771 spes

829 433 926 474 igitur
946 431 1122 463 resecandae
1139 438 1230 471 sunt,
1249 431 1289 462 ad
1304 433 1398 464 ratio-

829 480 878 509 nis
892 489 1035 510 uormam
1043 490 1052 517 ;
1067 478 1203 509 multum
1218 477 1257 508 de
1269 477 1332 509 illis
1345 478 1396 508 de<

830 524 1018 555 trahendum
1030 536 1039 563 ;
1053 534 1201 555 mensura
1215 531 1321 555 autem
1341 523 1395 555 de-

829 572 1005 608 tractionis,
1022 571 1153 601 solitum
1166 572 1238 602 vitae
1250 570 1398 601 humanae

829 619 976 659 spatium.
987 617 1063 648 vid.
1074 624 1141 648 not.
1153 617 1258 658 supra,
1269 616 1321 648 od.
1335 618 1393 654 IV,

828 665 861 693 in
877 664 965 694 hune
986 674 1113 694 versum
1138 673 1145 694 ε
1172 663 1254 694 Vitae
1269 673 1394 693 summa

828 710 925 741 brevis
941 711 1035 751 Spem
1052 721 1110 740 nos
1128 716 1223 740 vetat
1244 708 1394 740 inchoare

827 757 968 799 longam.

877 814 906 842 7.
930 803 1014 833 Dian
1029 801 1196 843 loquimur,
1207 800 1334 844 fitgerie
1346 801 1392 832 in·

829 849 901 879 vida
924 856 1015 880 oetas.
1039 849 1186 891 Fugerit,
1204 847 1307 878 multo
1329 858 1393 879 me-

826 894 888 926 lius
902 895 997 937 quam
1011 896 1038 925 si
1051 894 1194 930 dixisset,
1201 893 1304 936 sugit.
1320 895 1340 926 J
1342 888 1393 925 am

827 943 944 983 elapsa,
966 941 1028 981 jam
1049 941 1145 982 longe
1172 940 1190 970 a
1218 940 1312 971 nobis
1335 947 1391 971 est.

829 991 873 1018 Le
893 994 1033 1018 moment
1047 988 1087 1018 οἰι
1106 987 1140 1029 je
1149 986 1244 1028 parle
1260 993 1308 1016 est
1317 986 1391 1028 dejci

828 1034 895 1065 loin
918 1035 958 1065 de
982 1033 1056 1065 moi.
1078 1033 1160 1064 Boil.
1176 1049 1223 1056 —-
1246 1031 1361 1062 Invida
1380 1043 1391 1062 .-

826 1092 898 1122 quae
912 1081 1005 1112 uobis
1019 1081 1091 1111 vitae
1108 1090 1236 1110 usuram
1250 1077 1391 1110 invidere

826 1134 857 1158 et
869 1127 958 1169 quasi
971 1127 1068 1157 furari
1082 1125 1217 1157 videtur.

873 1175 904 1205 8.
930 1174 1033 1214 Carpe
1056 1171 1163 1210 diem;
1186 1172 1390 1213 exquisitissi-

826 1230 914 1250 mum
936 1219 1032 1257 illud,
1055 1229 1171 1260 carpe;
1189 1218 1320 1249 floribus
1337 1224 1391 1248 aut

824 1266 943 1296 fructui
978 1266 1062 1296 diem
1089 1271 1265 1306 comparat,
1293 1274 1389 1305 quos,

824 1314 885 1342 nisi
902 1314 971 1353 ipso
990 1312 1178 1342 maturitatis
1200 1316 1322 1352 puncto
1338 1310 1391 1341 de-

825 1359 991 1400 cerpseris,
1006 1368 1082 1388 mox
1098 1358 1132 1387 in
1145 1357 1298 1394 nihilum,
1314 1366 1390 1397 quo-

825 1405 863 1435 ad
891 1405 1060 1435 utilitatem
1085 1403 1136 1433 vel
1161 1404 1389 1440 amoenitatem,

824 1450 1023 1492 rediguntur.
1061 1451 1179 1480 Fruere
1215 1450 1313 1491 igitur
1338 1448 1391 1478 die

821 1498 985 1538 praesenti3
1002 1497 1093 1527 illum
1107 1495 1158 1526 vel
1171 1495 1328 1536 voluptati
1340 1495 1390 1525 vel

822 1543 914 1574 lucro
944 1553 1077 1584 appone.
1095 1558 1141 1565 —--
1169 1540 1274 1582 ριιὰηι
1296 1539 1388 1571 mini-

823 1590 908 1619 mitm
921 1588 1051 1619 credula
1057 1595 1185 1628 postero
1193 1610 1203 1624 ,
1225 1586 1296 1618 snb.
1312 1586 1389 1618 diei.

823 1635 937 1667 Parum
951 1634 1077 1665 fiduciae
1087 1634 1196 1664 locans
1207 1634 1241 1664 in
1245 1641 1384 1674 postero,

823 1683 978 1719 crastino,
993 1682 1049 1722 qui
1068 1680 1127 1710 tibi
1139 1678 1248 1711 utrum
1262 1689 1389 1710 conces·

822 1738 875 1759 sus
890 1728 1000 1765 fuerit,
1018 1728 1155 1768 ignoras.
