1456 2508
331 103 353 123 ‹5›
356 100 360 110 ²

188 135 231 169 9⁰
575 128 616 167 Q.
636 125 823 157 ἩΟΒΑΤΙΙ
846 126 998 159 FLACCI

239 185 407 234 Cyprum
426 185 592 222 deseruit
609 186 639 231 43
659 198 727 221 nec
747 185 891 235 patitur
907 185 921 208 5
937 186 1113 235 Scythas,
1343 187 1378 222 ια’

394 245 442 280 Et
462 244 578 281 versis
596 244 808 281 animosum
828 245 936 293 equis

234 303 415 340 Parthum
435 303 578 349 dicere,
598 316 667 339 nec
686 316 770 352 quae
786 303 880 340 nihil
900 304 1070 342 attinent.

393 360 465 399 Hic
483 362 613 399 vivum
630 361 723 398 mihi
742 362 921 411 cespitem
940 363 967 410 ⁶,
986 361 1049 399 hic

235 421 448 468 Verbenas,
469 422 599 471 pueri,
618 421 767 471 ponite,
784 421 991 471 thuraque,

390 480 487 517 Bimi
504 493 590 518 cum
607 482 738 530 patera
757 481 852 517 meri
872 495 881 517 ε
1341 492 1371 517 ιε

232 543 398 578 Mactatzi
418 541 544 578 veniet
561 540 682 577 lenior
701 540 837 578 hostia.

177 662 277 691 mium
292 660 438 690 lubricus
459 666 608 701 apparet,
628 659 662 690 id
680 667 745 698 est,

176 706 312 737 nimium
338 706 488 743 lascivus,
519 705 654 736 nimium
679 706 745 735 alli-

174 754 260 783 ciens
276 754 379 791 vir0s3
399 763 437 782 eo
456 752 552 782 ferme
571 763 664 782 sensu
677 763 744 792 quo

175 800 241 830 Cic.
259 799 298 828 de
313 800 384 830 Nat.
394 800 491 829 Deor.
503 800 534 828 11
543 821 551 836 ,
568 799 587 829 5
596 809 607 828 ι
619 821 627 835 ,
639 797 721 828 dixit
733 807 742 829 ε

174 846 302 876 Natura
323 846 430 875 oculos
450 844 529 886 fecit
556 844 691 874 lubricos
711 852 744 874 ec

173 892 327 928 mobilem
350 892 391 922 ad
415 902 510 932 quem
531 891 638 921 locum
664 891 739 920 allu-

171 938 246 969 dere
262 938 389 969 videtur
407 938 596 978 Quintilian.
612 938 659 968 XI
667 959 678 974 ‚
697 938 714 967 3
727 960 736 975 ,

173 986 215 1023 76
227 1008 237 1023 ,
270 983 344 1014 cum
381 985 602 1014 convenientia
636 983 738 1014 oculis

172 1031 309 1072 epitheta
347 1031 390 1061 sic
427 1031 593 1071 conjungit
619 1039 627 1060 :
658 1031 738 1059 Sunt

171 1077 281 1108 lascivi
296 1084 327 1108 et
348 1076 495 1113 mobiles,
514 1083 571 1106 aut
587 1083 737 1106 natantes

170 1131 202 1154 ec
228 1122 373 1165 quddam
402 1123 571 1163 voluptate
605 1121 736 1164 persimi-

169 1171 253 1201 Talis
267 1178 333 1201 erat
346 1170 555 1200 verisimiliter
567 1170 737 1199 oculorum

169 1224 200 1246 et
222 1218 320 1247 totius
342 1217 487 1258 Glycerae
501 1214 608 1246 vultus
630 1226 737 1256 aspec-

168 1272 236 1300 tus;
253 1274 355 1304 neque
371 1263 521 1293 lectorem
535 1268 677 1291 moretur
692 1262 734 1291 is-

169 1317 274 1340 torum
301 1309 493 1346 verborum,
522 1308 655 1338 lubricus
683 1318 734 1337 as-

162 1356 231 1397 pici
239 1379 248 1393 ,
266 1355 440 1398 dispositio.
455 1353 542 1385 Alias
554 1377 562 1391 ,
583 1354 644 1385 Od.
668 1355 733 1391 IV,

170 1414 201 1442 2,
215 1403 270 1444 59,
281 1402 363 1432 dixit
371 1404 483 1432 Horat.
495 1400 601 1430 niveus
609 1399 724 1431 videri.

215 1456 247 1486 4.
270 1451 308 1479 In
338 1459 388 1478 me
415 1455 482 1478 coca
511 1457 605 1477 ruens
630 1448 736 1476 Venus

171 1496 305 1537 Cyprum
322 1494 459 1525 deseruit
471 1505 482 1524 .·
498 1493 593 1534 quam
615 1494 734 1534 magni-

166 1542 230 1573 fico
264 1543 436 1573 verborum
473 1546 588 1570 ornatu
621 1541 734 1570 amoris

165 1591 231 1619 vim
261 1597 293 1620 et
323 1595 478 1619 tormenta
510 1585 650 1616 extollit!
674 1587 734 1616 Ex-

164 1635 269 1677 pende
291 1636 374 1666 hanc
398 1644 510 1664 vocem
522 1655 530 1669 ‚
547 1639 613 1662 tota
627 1643 638 1661 :
655 1638 686 1661 et
700 1633 734 1662 il-

165 1683 228 1712 lam
276 1692 384 1717 ruens,
424 1680 542 1721 quibus
573 1680 733 1708 Venerem

163 1730 320 1759 univ'ersae
338 1727 499 1769 potestatis
515 1735 578 1754 suae
593 1724 733 1765 pondere

164 1776 281 1806 misero
294 1774 411 1805 amanti
424 1771 663 1802 incumbentem
680 1781 734 1801 ex-

162 1822 290 1862 primit!
310 1819 514 1851 Admirandae
535 1820 644 1848 Horat.
664 1828 733 1847 sen-

162 1869 269 1898 tentiae
302 1878 369 1898 non
396 1867 549 1906 imparem
582 1864 735 1904 expressit

163 1915 312 1946 Racinius
331 1919 463 1943 noster:
492 1911 534 1941 Ce
559 1911 641 1940 n'esc
658 1910 734 1950 plus

164 1972 227 1991 une
243 1960 361 1990 ardent·
376 1959 460 1988 dans
473 1968 537 1987 mes
550 1955 662 1986 veines
680 1966 731 1985 ca-

162 2007 256 2044 che‘e,
279 2007 364 2038 C'est
382 2004 488 2034 Venus
507 2010 591 2033 toute
613 2001 731 2032 endere

162 2054 185 2083 ὰ
194 2064 231 2083 sa
241 2053 332 2094 profe
345 2050 501 2083 aceacke'e,
516 2048 636 2081 Phedre
647 2071 656 2086 ,
671 2055 729 2078 act.

169 2110 181 2130 x
192 2122 201 2138 ,
219 2111 262 2132 sc.
283 2101 314 2131 3.

847 659 878 690 5.
904 660 974 690 Nec
983 659 1110 700 patitur
1124 670 1136 689 .·
1156 659 1306 700 praeclare
1326 661 1367 694 de

797 704 855 736 dea
880 705 1094 744 inhabitante,
1130 713 1302 738 amatorem
1322 707 1366 740 ad

796 752 964 782 arbitrium
1006 750 1156 794 fingente.
1182 769 1228 776 -·—
1262 754 1366 785 Vereis

796 797 884 839 equis
893 808 905 827 .·
920 797 1079 838 nusquam
1092 799 1188 840 magis
1202 799 1237 829 in
1249 799 1362 840 pralio

794 843 956 874 metuendi
978 843 1085 874 Parthi
1111 843 1206 886 quam
1221 843 1296 876 ciam
1315 846 1362 877 fu—

794 897 912 932 gerent.
938 889 1167 931 Fidentemque
1176 888 1264 933 ficgd
1281 893 1375 934 Pan.

791 936 877 966 thum
899 935 1063 977 versisque
1083 936 1224 978 sagittis,
1243 937 1358 980 virgil.

791 984 907 1025 Georg.
939 984 1007 1020 111,
1033 984 1088 1014 31.
1111 1000 1158 1006 -—
1179 985 1249 1014 Nec
1284 994 1356 1025 quoe

789 1029 872 1059 nihil
891 1028 1052 1059 attinent:
1068 1039 1139 1070 quae
1157 1040 1232 1060 cnm
1252 1039 1357 1061 amore

788 1076 907 1105 nullam
919 1075 1038 1105 habent
1051 1075 1246 1107 relationem.

837 1122 869 1153 6.
889 1121 997 1151 Vivum
1024 1121 1172 1162 cespitem
1197 1133 1210 1152 .·
1236 1132 1319 1153 aram
1338 1122 1356 1153 ὲ

791 1169 931 1208 gramine
954 1167 1064 1198 recens
1093 1169 1212 1200 avulso.
1222 1185 1270 1192 —-
1282 1170 1356 1199 Ver-

790 1215 889 1244 benas
906 1225 918 1244 .·
943 1213 1050 1244 herbae
1079 1225 1178 1256 genus
1201 1215 1237 1245 in
1263 1216 1358 1245 sacris

786 1262 931 1302 magicis,
949 1261 1063 1291 amoris
1081 1260 1172 1291 causa
1183 1261 1335 1291 institutis
1345 1283 1354 1298 ,

787 1307 965 1337 adhibitum
975 1317 983 1344 ;
995 1307 1103 1348 gallice
1117 1318 1129 1336 :
1145 1307 1179 1337 la
1191 1306 1351 1338 verveine.

787 1353 869 1383 Vide
881 1355 916 1384 in
925 1355 1015 1394 Virg.
1029 1353 1095 1384 Ecl.
1104 1354 1186 1384 VIII
1194 1375 1204 1391 ,
1213 1353 1268 1385 65.
1281 1355 1313 1383 V
1309 1364 1354 1384 er-

787 1399 947 1441 benasque
962 1399 1058 1429 adole
1067 1399 1207 1441 pingues
1221 1407 1254 1430 ec
1266 1409 1351 1430 mas-

787 1446 861 1476 cula
887 1445 1144 1477 thura.--Bimi
1161 1445 1236 1476 vini
1249 1457 1261 1477 :
1276 1445 1354 1477 duo-

787 1503 857 1522 rum
885 1503 1044 1523 annornm
1057 1493 1135 1523 vini.
1149 1509 1196 1516 -—
1207 1489 1354 1523 Maceacd

786 1536 891 1569 hostili
904 1550 916 1568 .·
928 1540 1064 1569 victimae
1078 1541 1114 1569 in
1125 1539 1280 1569 honorem
1292 1540 1353 1569 Ve-

786 1585 868 1615 neris
883 1586 998 1626 procul
1009 1585 1109 1616 dubio
1122 1585 1352 1623 mactabantur,

786 1638 935 1662 extorum
955 1632 1129 1673 praesertim
1143 1631 1353 1672 inspiciendo-

786 1689 857 1708 rum
878 1678 988 1715 caumi,
1002 1677 1046 1708 itai
1063 1685 1168 1708 tamen
1187 1689 1228 1709 ne
1245 1688 1354 1708 earum

786 1726 912 1765 sangnis
932 1735 992 1755 arae
1015 1724 1255 1757 obfunderetur.
1276 1725 1351 1755 Tac.

785 1772 866 1801 Hist.
882 1773 933 1808 11,
952 1773 982 1802 3.
992 1789 1040 1795 —-
1054 1772 1186 1802 Veniet:
1198 1770 1264 1802 sive
1278 1771 1352 1800 sim-

785 1817 909 1857 pliciter
924 1828 983 1858 pro
998 1817 1078 1854 erit,·
1090 1818 1172 1854 sive,
1186 1816 1274 1858 quod
1288 1826 1353 1847 me-

785 1861 846 1892 lius
857 1885 866 1901 ,
897 1874 954 1904 per
991 1865 1225 1904 oppositionem
1252 1864 1352 1895 verbo

786 1919 880 1938 ruens
895 1920 906 1939 :
925 1911 1033 1940 innuit
1058 1921 1090 1940 se
1113 1921 1181 1941 non
1200 1909 1278 1941 ades)
1292 1911 1353 1942 Ve-

786 1957 855 1985 neri
867 1957 1018 1986 nuntium
1032 1955 1168 1995 dedisse,
1179 1963 1216 1986 ut
1224 1967 1291 1988 non
1300 1957 1354 1987 ali-

783 2001 930 2042 quando,
950 2013 1007 2042 per
1031 2003 1196 2035 intervalla
1219 2007 1270 2036 sin
1291 2008 1352 2037 mi-

784 2046 845 2078 nus
860 2049 927 2086 ejus
944 2049 1084 2088 furores,
1101 2051 1210 2082 saltem
1230 2051 1351 2084 blandi-

784 2094 859 2131 tias,
880 2101 1032 2126 contento
1044 2097 1150 2128 animo
1165 2099 1312 2140 excipiat.

540 2223 987 2242 -ω--ῴ--ῄ
