1456 2508
525 127 603 162 LIB.
628 119 681 160 111
703 121 791 162 01)ss
814 121 841 160 1‘.

1240 131 1304 152 221

187 187 358 226 Arbusta
376 186 491 225 sulcis
507 185 522 210 ³
543 200 553 223 ε
573 186 638 224 hic
657 185 880 237 generosior
1274 196 1305 211 ¹0

239 247 456 286 Descendat
472 247 512 285 in
531 259 710 298 campum
728 246 870 297 petitor
887 247 924 294 43

293 307 471 346 Moribus
489 307 554 345 hic
572 308 786 357 meliorque
803 307 903 344 fama

186 370 421 418 Contendat3
437 369 493 407 illi
509 368 624 406 turba
643 369 841 406 clientium

186 431 246 469 Sit
263 430 387 482 major
403 444 412 466 :
434 431 543 481 aequfi
564 430 648 480 lege
665 428 881 468 Necessitas

242 492 413 531 Sortitur
430 492 596 542 insignes
619 498 656 528 et
672 491 788 537 imos;
1275 495 1303 518 15

294 554 419 591 Omne
441 565 562 603 capax
580 560 709 590 movet
728 562 826 589 urna
845 561 998 586 nomen.

187 613 402 652 Destrictus
419 613 518 652 ensis
537 613 551 637 ⁵
571 614 634 651 cui
651 626 760 664 supet
787 610 907 662 impizi

82 761 174 793 diuet
196 759 337 792 Arbusca
370 759 465 792 sulcis
487 772 499 791 :

83 808 394 851 argumentationem
414 815 529 850 poetae.
552 808 663 839 Felici-

83 863 181 887 tatem
193 865 260 887 non
274 855 373 898 magis
391 855 408 886 ὲ
424 855 544 886 divitiis
558 862 590 886 et
603 867 663 897 pu-

82 902 178 934 blicis
192 903 382 934 muneribus
397 903 539 945 pendere,
558 910 662 934 osten-

83 949 154 988 det,
172 949 268 991 quiim
283 951 302 982 ὲ
319 949 468 992 suprema
483 951 519 981 in
531 957 663 981 caeteros

83 996 230 1028 homines
263 1003 295 1028 et
325 996 470 1028 absoluta
494 1004 661 1039 potestate.

84 1045 145 1075 Est
174 1051 234 1081 uc,·
258 1043 375 1074 accidit
402 1051 458 1083 nt,
482 1050 530 1075 est
552 1055 662 1075 rerum

83 1097 208 1122 naturae
237 1100 420 1134 congruum
453 1097 490 1121 ut
525 1092 597 1132 quis
626 1093 662 1122 in

84 1137 293 1180 amplioribus
308 1138 436 1180 praediis
454 1137 602 1177 arbores,
617 1139 662 1169 vi-

83 1192 131 1216 tes
149 1184 299 1216 videlicet
333 1192 390 1216 ant
413 1185 498 1216 oleas
521 1192 575 1215 aut
596 1186 657 1216 alia

80 1242 282 1274 quaeennque
302 1232 432 1263 arbusta
447 1255 456 1271 ,
481 1231 595 1263 ordine
614 1232 660 1263 di-

81 1285 180 1322 gerat.
202 1279 268 1322 Qui
295 1289 388 1322 agros
413 1280 448 1310 in
471 1279 664 1310 immensum

81 1327 220 1368 spatium
229 1333 379 1358 extensos
387 1326 529 1368 possidet
535 1349 545 1364 ,
560 1327 587 1357 is
596 1337 662 1357 ma-

80 1373 145 1412 jori
174 1373 346 1404 intervallo
374 1372 499 1415 plantas
529 1373 642 1404 inserit
653 1397 661 1412 ,

82 1420 150 1451 aive
164 1419 253 1462 quod
268 1419 375 1451 mimis
393 1420 490 1462 parce
512 1420 582 1451 solo
602 1431 662 1452 suo

82 1473 208 1505 utatur,
222 1474 254 1498 et
262 1478 409 1509 magnam
418 1467 517 1507 hujus
526 1474 661 1509 partem,

82 1514 150 1545 sine
171 1519 288 1558 magno
319 1513 532 1552 detrimento,
562 1516 664 1556 possit

82 1560 232 1603 perdex-<33
253 1567 310 1592 seu
329 1561 418 1603 qnod
431 1560 600 1591 latifundia
616 1561 664 1592 lu-

82 1618 138 1639 cro
160 1619 341 1651 apponens,
367 1607 411 1639 its
439 1607 568 1638 arbores
590 1619 663 1638 suas

83 1653 245 1696 disponit,
259 1662 296 1686 ut
314 1655 440 1686 illarum
458 1656 538 1685 rami
553 1655 664 1686 fructi-

84 1701 147 1732 bus
161 1703 282 1744 gravati
303 1701 368 1733 late
387 1701 548 1743 longeque
568 1701 664 1732 luxu-

83 1748 188 1790 rient,
204 1748 294 1790 quod
310 1759 378 1779 non
392 1748 482 1789 aeque
499 1748 576 1779 licet
598 1748 663 1779 hae-

85 1794 245 1826 recliolum
292 1794 516 1826 tantummodo
561 1796 662 1838 possi-

87 1840 187 1874 denti.
611 1846 614 1848 ’

134 1895 166 1926 4.
183 1888 244 1920 Hic
253 1888 437 1932 generost‘or
442 1887 562 1930 petitor
570 1899 582 1919 .·
592 1899 662 1921 can-

85 1934 211 1967 didatus
223 1935 240 1966 ὲ
253 1935 407 1967 nobiliori
415 1934 513 1978 quim
526 1946 662 1967 concur-

84 1989 190 2013 rentes
205 1993 326 2026 ἔσκεν-ε
349 1990 456 2022 ortus,
470 1989 503 2014 et
523 1983 611 2014 hunc
626 1984 663 2014 ti-

86 2029 191 2060 tulum
226 2029 406 2060 honoribus
446 2041 527 2072 quos
558 2030 661 2072 petit,

84 2076 266 2118 praeferens.
276 2094 324 2100 —-
334 2077 519 2108 Descendat
532 2077 566 2108 in
577 2089 662 2108 cam-

79 2134 159 2165 pum
175 2135 187 2154 :
201 2122 339 2156 subaud.
356 2123 511 2155 Marcium
527 2135 539 2154 .·
555 2124 659 2166 plani-

85 2166 163 2201 tiem
181 2171 342 2213 capitouo
358 2171 549 2211 subjectam,
567 2171 660 2211 juxta

527 770 660 802 sequere

84 2216 228 2249 Tiberim
239 2241 248 2257 ,
266 2218 303 2249 in
327 2217 390 2259 quzi
409 2218 550 2260 populus
565 2218 668 2250 dabat

82 2264 241 2308 suffragia.
257 2283 304 2290 —-
315 2265 457 2296 Moribus
469 2264 520 2297 hic
539 2265 664 2297 melior*-

716 771 779 802 que
790 756 897 802 samii
912 770 924 789 .-
944 758 983 790 de
1002 758 1103 789 altero
1130 756 1300 789 candidato

716 807 874 849 loquitur.
887 824 935 830 -—
954 805 1010 836 Illi
1027 805 1118 836 turba
1135 805 1300 836 clientium

716 854 757 885 sit
775 853 883 897 major
894 865 906 885 :
927 854 1060 884 tertium
1077 852 1206 883 tandem
1225 863 1300 884 can-

716 901 863 932 didatum
878 902 1015 943 attingit.
1026 901 1105 931 Tres
1116 899 1223 931 nutem
1234 901 1301 931 vias

716 959 774 991 per
787 959 866 990 quas
879 948 919 979 ad
934 957 1068 978 munera
1083 947 1215 990 publica
1231 959 1300 991 per-

717 995 929 1034 veniebatur,
951 994 1065 1037 rapido
1090 1005 1186 1026 versu
1206 1002 1300 1036 poeta

716 1044 896 1084 percurrit3
910 1043 1049 1081 divitias,
1061 1043 1227 1073 clientium
1242 1054 1301 1074 nu-

715 1101 805 1121 mero
822 1089 994 1128 indicatas,
1015 1090 1183 1131 propriam
1203 1091 1302 1121 virtu-

717 1144 791 1174 tem,
801 1143 833 1168 et
848 1138 973 1180 generis
983 1136 1303 1179 nobilitatem.Quid-

717 1183 795 1226 qnid
814 1185 874 1223 sit,
893 1183 1066 1222 divitibus,
1077 1185 1155 1214 viris
1167 1185 1279 1226 probis
1290 1209 1299 1224 ‚

719 1230 908 1269 nobilibus,
933 1241 1021 1261 mors
1055 1231 1224 1262 subeunda
1242 1239 1298 1264 est.

718 1278 785 1310 Ubi
806 1279 883 1320 ergo
906 1278 1063 1308 felicitas?
1086 1285 1160 1316 aut,
1187 1279 1214 1309 si
1238 1290 1300 1321 qun

718 1332 765 1356 est
776 1348 784 1364 ,
795 1325 893 1367 qnam
906 1325 1014 1355 brevis
1025 1348 1034 1363 ,
1048 1324 1146 1366 quim
1161 1325 1279 1357 caduca
1293 1329 1299 1358 !

716 1390 763 1396 —
777 1372 962 1403 Necessitas
990 1383 1001 1402 :
1028 1373 1114 1411 Dea,
1145 1365 1278 1418 Ᾰνσίγκη
1290 1398 1299 1412 ,

716 1419 843 1463 Μοῖραε
857 1420 1005 1461 imposita
1019 1419 1174 1450 omnibns
1183 1420 1302 1463 ,aequd

717 1467 808 1509 Iege,
831 1467 900 1496 sine
915 1466 984 1496 ullo
1006 1466 1208 1506 discrimine,
1230 1480 1300 1500 mo-

716 1513 822 1544 riendi
851 1513 915 1544 lex.
929 1530 977 1537 —
994 1513 1155 1544 Sortitur:
1180 1523 1300 1548 sortem

717 1562 835 1602 cuique
851 1571 941 1590 suam
954 1583 964 1598 ‚
980 1561 1066 1590 imus
1078 1561 1120 1591 sit
1132 1561 1185 1592 vel
1204 1563 1301 1606 insig-

716 1608 784 1646 nis,
799 1608 955 1639 immittit.
975 1626 1023 1631 --
1042 1607 1160 1649 Capax
1187 1621 1272 1642 urna
1287 1624 1298 1642 .-

717 1654 761 1685 ἰῑὲ
780 1654 947 1696 equidem!
967 1661 999 1685 et
1024 1654 1160 1686 terribili
1180 1658 1300 1699 epithe-

718 1709 752 1732 to
763 1725 772 1740 ,
791 1713 903 1743 capax
911 1725 920 1739 ,
941 1713 1014 1744 quae
1029 1703 1177 1734 omnium
1195 1707 1299 1736 nomi-

717 1760 759 1779 na
771 1773 779 1787 ‚
797 1749 838 1779 ad
853 1760 958 1780 unum
974 1750 1148 1782 contineat.
1168 1768 1209 1775 ·-—
1228 1754 1299 1783 Mo-

718 1803 768 1827 vet
780 1808 791 1826 .·
808 1797 929 1837 optime
943 1798 1095 1838 congruit
1108 1808 1181 1828 cnm
1199 1810 1296 1840 voce,

718 1843 856 1875 sortitur.
886 1844 1019 1875 Etiamsi
1046 1844 1165 1875 etenim
1196 1849 1298 1878 omni-

715 1890 777 1921 bus
792 1890 998 1922 moriendum
1021 1891 1079 1929 sit,
1102 1892 1208 1923 tamen
1226 1896 1296 1925 uni-

715 1939 833 1979 cnique
848 1949 935 1970 mors
949 1949 1007 1969 sua
1022 1938 1039 1969 ὲ
1055 1938 1190 1970 fortuito
1206 1952 1298 1973 urnae

715 1992 807 2016 motu
829 1985 977 2023 advenit;
991 1985 1035 2016 ita
1055 1985 1108 2016 alii
1126 1986 1179 2017 vix
1208 1988 1244 2018 in
1262 1989 1298 2020 li-

716 2033 802 2077 mine
828 2033 930 2070 vitae,
946 2032 999 2062 alii
1029 2031 1155 2063 maturat
1183 2042 1294 2075 aetate,

717 2079 770 2110 alii
791 2079 931 2120 denique
950 2080 1040 2110 senio
1068 2079 1211 2113 confecti
1227 2094 1298 2114 mo-

714 2128 855 2157 riuntur.
868 2125 953 2157 Vide
976 2126 1119 2157 eamdem
1144 2127 1209 2160 fere
1224 2140 1294 2161 sen-

715 2174 846 2204 tentiam
867 2184 936 2204 non
950 2171 1058 2204 minsis
1081 2174 1219 2207 feliciter
1236 2188 1294 2208 ex·

714 2221 855 2262 pressam
865 2243 875 2258 ‚
890 2219 986 2262 supr&
1000 2220 1061 2252 Od.
1074 2221 1117 2260 11,
1128 2222 1159 2261 3,
1172 2222 1291 2256 influe.

765 2268 797 2299 5.
816 2267 990 2299 Destrictus
1010 2267 1096 2298 ensis
1110 2279 1124 2298 .·
1142 2268 1188 2300 sic
1208 2281 1292 2302 nova

1113 2317 1128 2333 ἡ

1060 2334 1106 2370 19
