1456 2508
231 127 294 157 160

611 132 652 170 Q.
677 130 860 162 nomm
884 104 1034 163 mascel
1168 156 1189 179 4

333 184 443 222 Circa
460 185 622 223 virentes
642 194 698 224 est
716 187 862 224 animus
883 196 957 225 tuae

330 247 490 295 Campos
509 244 523 267 ³⁵
538 246 728 296 juvencae,
748 250 849 285 m‘mc
867 247 993 285 fluviis
1012 260 1165 299 gravem

382 306 543 342 solantis
563 314 713 354 aestum,
732 309 833 344 nunc
851 307 890 344 in
909 307 986 344 udo

432 364 581 401 Ludere
597 378 683 402 cum
699 365 827 403 vitulis
846 367 977 404 salicto

328 423 612 473 Praegestientis.
633 424 738 462 Tolle
758 425 975 474 cupidinem

326 484 484 520 Immitis
506 496 587 520 uvae
609 483 624 512 4
639 497 647 518 :
663 483 742 533 jam
760 483 831 520 tibi
847 483 983 522 lividos
1382 503 1411 519 ιο

378 543 593 593 Distinguet
609 551 832 581 auctumnus
851 556 1020 581 racemos
1037 543 1053 567 ⁵

426 604 622 651 Purpureo
641 602 768 640 varius
788 603 928 639 colore.

322 664 406 699 Jam
426 670 462 698 te
477 671 656 712 sequetur
674 662 708 699 ⁶:
729 663 851 699 currit
870 661 969 699 enim
986 662 1095 699 ferox

322 723 444 768 AEtas‚
464 729 501 758 et
519 722 591 770 illi,
611 734 706 772 quos
726 721 795 759 tibi
814 721 1037 772 dempserit,

266 890 296 920 3.
314 888 407 920 Circc'c
420 887 561 919 virentes
570 899 699 929 ccmzpos
709 899 719 918 .·
733 899 784 919 ex-

214 936 319 978 pende
351 946 614 976 unumquemque
643 935 782 975 exquisi-

215 983 343 1013 tissimae
363 982 507 1022 strophes
525 982 631 1011 locum
644 992 652 1019 3
667 982 783 1011 suavis-

213 1031 324 1060 simam
345 1028 481 1058 delineat
501 1034 586 1057 vates
612 1028 779 1069 imaginem

212 1075 344 1117 puellae,
360 1085 446 1116 quae,
464 1073 555 1104 nullo
574 1072 678 1103 adhue
695 1084 780 1104 amo-

211 1133 246 1152 re
270 1123 370 1159 tacta,
392 1120 529 1161 pueriles
557 1131 627 1150 cum
654 1120 780 1160 aequali-

211 1168 272 1198 bus
286 1168 374 1198 lusus
388 1168 514 1205 etjocos
531 1173 678 1204 sectatur3
692 1165 778 1196 uunc

209 1222 298 1256 prata
322 1214 499 1254 percurrit,
522 1214 557 1242 in
584 1213 700 1253 quibus
728 1213 778 1242 vel

210 1261 304 1291 flores
318 1260 400 1301 legat
409 1282 418 1297 ‚
431 1259 482 1289 vel
495 1260 620 1288 misceat
630 1259 776 1297 choreas3

210 1305 298 1337 nunc
325 1305 422 1336 undis
443 1305 647 1343 fluvialibus,
667 1305 706 1335 ad
729 1306 776 1335 in-

210 1363 348 1383 nocuam
376 1351 532 1392 refrigerii
559 1351 773 1392 voluptatem,

204 1396 486 1442 mergitur3m⁸1nc
516 1397 668 1427 hilaribus
694 1397 776 1428 ludis

209 1457 282 1476 cum
296 1444 454 1476 coaetanea
464 1454 637 1485 puerorum
650 1451 680 1474 et
689 1444 778 1486 puel-

207 1493 311 1523 larum
326 1490 451 1522 caterva
461 1513 469 1529 ‚
484 1501 612 1531 operam
627 1490 701 1521 dare
714 1501 777 1532 ges-

209 1541 260 1570 tit.
292 1556 338 1562 —-
359 1540 433 1568 Tuae
458 1536 600 1576 juvenca·
622 1548 632 1566 :
657 1547 777 1567 nomen

209 1595 377 1616 commune
387 1584 510 1623 iuniori
524 1583 599 1613 bovi
608 1606 616 1621 ‚
630 1590 661 1613 et
673 1584 776 1622 junio-

206 1633 233 1662 ri
254 1631 386 1672 puellae,
402 1636 432 1660 et
449 1629 487 1659 ad
507 1636 609 1670 poetae
629 1631 774 1670 proposi-

207 1684 276 1707 tum
305 1676 384 1706 mire
418 1675 701 1706 accommodatum.
729 1693 774 1698 -—

205 1741 252 1748 —-
265 1721 499 1764 Proegestiemis
513 1732 524 1751 .·
542 1728 619 1752 nota
645 1722 679 1751 in
703 1732 773 1751 ver-

207 1770 251 1801 bo
296 1769 472 1809 composito
516 1768 581 1798 vim
625 1768 773 1808 praeposi-

207 1817 318 1852 tionis3
344 1825 411 1845 non
446 1814 631 1854 simpliciter
657 1813 769 1855 gestie,

205 1862 262 1893 sed
271 1861 368 1904 gestie
381 1871 452 1901 proe
473 1860 540 1890 aljis
552 1883 560 1898 ,
577 1860 648 1890 ante
667 1861 774 1890 omnia

206 1908 333 1949 gaudet.

255 1961 286 1991 4.
314 1953 403 1984 Tolle
430 1951 610 1993 cupidinem
638 1951 773 1982 Immitis

206 2011 296 2032 twoe:
310 2010 377 2030 non
406 1999 512 2030 omnia
540 1999 575 2028 in
596 1997 770 2036 veteribus,

203 2058 305 2088 noque
346 2045 440 2076 etiam
483 2046 518 2075 in
560 2044 772 2074 celeberrimis

203 2092 412 2135 scriptoribus
433 2090 624 2121 admiranda.
650 2090 774 2120 Summi

204 2139 364 2175 homines,
396 2137 538 2168 homines
573 2136 699 2172 tamen,
734 2143 770 2166 ut

201 2187 244 2216 ait
275 2185 529 2227 Quinctilianus3
566 2193 668 2224 neque
705 2182 771 2224 dig-

201 2243 262 2263 nus
284 2239 331 2262 est
349 2232 404 2273 qui
426 2241 475 2261 res
501 2229 574 2260 vere
599 2228 768 2260 laudandas

837 889 986 927 miretur,
1003 888 1146 930 quisquis
1172 889 1208 919 in
1237 889 1322 920 vitiis
1348 896 1405 920 aut

837 934 959 965 mendis
974 935 1144 965 connivere
1160 935 1308 966 voluerit.
1331 937 1406 967 Pec-

840 991 910 1011 care
923 980 1020 1023 igitur
1035 980 1086 1010 hic
1098 980 1177 1010 mihi
1194 980 1295 1012 viden·
1307 984 1404 1012 Hora.

840 1028 922 1057 tium
949 1037 1015 1057 non
1038 1025 1222 1064 diffitelmr,
1241 1025 1318 1057 dum
1338 1038 1406 1058 non

836 1080 955 1114 perstat
995 1074 1031 1103 in
1065 1072 1128 1103 una
1165 1072 1310 1115 allegoria
1322 1096 1331 1112 ‚
1349 1073 1405 1105 sed

837 1119 875 1149 ad
899 1130 1014 1150 novam
1034 1119 1163 1157 transit,
1185 1118 1203 1149 a
1226 1120 1332 1160 priore
1355 1131 1404 1151 re-

835 1166 1050 1196 motissimam.
1071 1167 1152 1206 Quae
1174 1165 1303 1206 quidem
1326 1167 1403 1197 ima-

834 1214 944 1253 ginum
972 1213 1007 1242 in
1031 1210 1096 1241 una
1112 1210 1222 1242 eidem
1238 1222 1272 1242 re
1293 1211 1402 1243 adum-

834 1257 953 1288 branda
985 1257 1148 1288 diversitas
1165 1280 1175 1295 ‚
1205 1259 1325 1298 poesim
1362 1258 1401 1289 ad

834 1306 934 1335 severi
945 1303 1058 1343 judicii
1079 1313 1224 1334 normam
1246 1305 1401 1335 aestimau-

833 1350 917 1381 tibus
929 1349 1099 1391 approbari
1110 1350 1231 1391 nequit.
1243 1349 1400 1381 Caeterinn

831 1397 1011 1438 puellarum
1029 1397 1064 1426 in
1095 1405 1200 1426 amore
1213 1394 1317 1427 adhuc
1331 1407 1400 1427 cru-

835 1443 947 1473 darum
962 1453 1034 1473 cum
1052 1442 1229 1472 immaturis
1241 1442 1400 1474 fructibus

832 1490 1026 1530 comparatio
1043 1487 1129 1529 apud
1146 1494 1267 1519 veteres
1290 1496 1398 1531 poetas

829 1536 917 1566 haud
933 1535 1117 1575 infrequens
1131 1541 1189 1565 est.

879 1582 910 1613 5,
934 1581 1061 1612 Lividos
1088 1591 1231 1610 racemos
1249 1591 1260 1610 .-
1284 1579 1396 1611 subni-

828 1638 921 1670 grum
934 1627 1016 1657 enim
1027 1626 1165 1656 colorem
1175 1626 1305 1656 trahunt
1314 1637 1395 1665 uvae,

826 1672 924 1715 proiit
943 1679 1169 1703 maturescunt.
1188 1671 1330 1702 Liventes
1347 1683 1394 1703 so-

831 1720 861 1750 le
883 1724 1025 1750 racemos
1055 1718 1109 1750 Sil.
1133 1718 1202 1749 Ital.
1217 1719 1296 1756 VII,
1313 1719 1390 1750 208.

832 1765 942 1796 Prima
951 1764 1030 1795 mihi
1036 1763 1149 1794 variat
1159 1764 1323 1794 liuentibus
1335 1775 1394 1795 ιινα

831 1811 982 1847 racemis,
1005 1813 1146 1851 Propert.
1163 1811 1223 1850 IV,
1244 1820 1281 1848 2,
1305 1811 1357 1842 13.

878 1859 910 1888 6.
923 1857 998 1888 ,Ιὰιη
1019 1864 1049 1887 te
1067 1863 1215 1897 sequetur
1225 1866 1236 1886 :
1251 1856 1290 1886 ad
1306 1853 1398 1897 prio-¹

829 1915 894 1934 rem
910 1903 993 1934 redit
1011 1903 1208 1943 allegoriam3
1223 1903 1291 1943 ipsa
1309 1903 1394 1933 Lala—

831 1961 868 1992 ge
886 1957 916 1980 te
934 1949 1014 1991 (nec
1027 1949 1159 1989 longum
1178 1949 1259 1991 erit)
1276 1959 1394 1990 provo-

833 1996 927 2026 cabit.
958 2012 1004 2019 —-
1033 1994 1137 2026 Currit
1171 1993 1258 2024 enim
1289 1993 1392 2035 ferox

831 2049 910 2073 aetas
927 2052 938 2071 .·
955 2042 1018 2072 cito
1036 2041 1120 2071 enim
1135 2040 1239 2071 avolat
1250 2050 1322 2082 pars
1339 2040 1393 2071 illa

826 2089 983 2130 pueritiae,
997 2089 1031 2117 in
1044 2085 1108 2128 qua
1117 2108 1126 2124 ,
1138 2097 1205 2127 prae
1219 2087 1327 2118 nativo
1335 2097 1393 2128 pu-

826 2135 918 2172 dore,
937 2141 969 2164 et
986 2135 1082 2164 mutis
1106 2131 1210 2163 adhuc
1227 2132 1391 2170 semibus,

825 2188 931 2211 tenera
946 2181 1036 2222 virgo
1040 2179 1186 2222 ferocem
1194 2201 1205 2216 ,
1225 2178 1262 2211 id
1275 2185 1322 2209 est
1336 2188 1390 2208 sn-

821 2227 971 2269 perbam,
984 2233 1015 2256 et
1041 2232 1142 2257 tactus
1167 2225 1274 2256 viriles
1298 2234 1388 2255 aver-
