1456 2508
204 107 268 137 ηδ
595 107 636 148 Q.
662 106 843 153 HORATn
868 100 1018 139 F‘LAcct

308 162 482 201 Declinat
497 162 686 209 Pholoen3
706 162 772 200 sed
787 156 892 212 prisis
910 163 1070 214 Appulis

410 225 622 271 ,Iungentur
637 234 783 271 capreae
802 221 918 272 lupis,

307 283 431 328 Quam
448 282 551 332 turpi
570 282 710 318 Pholoe
729 291 858 331 peccet
876 280 1061 318 adultero.

308 341 370 378 Sic
390 340 512 378 visum
531 341 670 378 Veneri
691 339 718 386 ³,
736 341 796 378 cui
817 341 938 391 placet
955 340 1116 390 impares
1362 357 1390 374 ιο

303 403 458 438 Formas
478 409 590 451 atque
611 399 754 438 animos
773 400 843 438 sub
858 401 950 451 juga
970 399 1114 438 ahenea

411 462 519 498 Saevo
541 460 690 498 mittere
708 473 793 497 cum
809 461 908 511 joco.

305 521 434 568 Ipsum
449 531 508 556 me
524 518 658 556 melior
678 522 795 568 quim]
817 528 962 570 peteret
977 522 1103 558 Venus
1125 520 1148 565 ⁴,

306 581 424 616 Grata
443 578 605 616 detinuit
624 579 806 630 compede
826 579 988 629 Myrtale

307 637 520 685 Libertina,
542 638 648 676 fretis
669 639 792 676 aerior
812 639 963 677 Hadriae
1362 651 1391 675 ιε

409 698 612 736 Curvantis
630 698 810 736 Calabros
830 699 944 736 sinus.

194 814 317 846 damus.
341 832 387 838 —
413 815 487 855 Cyri
517 823 613 846 torret
646 827 766 847 amor:

194 871 283 892 amor
298 862 332 891 in
359 862 500 902 Cyrum:
514 862 584 892 vide
606 862 644 893 de
661 863 746 904 Cyro
758 886 766 900 ,

195 906 291 949 supr-'¹2
309 909 421 944 XVII,
446 908 501 940 25.
528 926 571 931 -
596 908 767 939 Declinac:

194 954 275 995 fugit
298 953 472 995 Lycorida,
495 962 525 984 et
551 965 582 985 se
611 956 768 986 convertit

195 999 234 1031 ad
250 999 402 1031 Pholoen.
423 1019 467 1024 —
491 1001 647 1042 Asperum
665 1012 676 1031 :
695 1012 766 1043 qum

195 1048 317 1087 Cyrum
332 1047 470 1077 vicissim
487 1046 659 1078 detestatur
673 1054 703 1077 et
719 1047 767 1077 fu-

195 1094 252 1134 git.
267 1110 312 1115 -—-
333 1093 451 1134 Turpi:
470 1104 526 1124 seu
547 1100 679 1135 propter
699 1094 768 1124 vul-

194 1138 263 1177 tils,
280 1149 336 1169 seu
358 1146 488 1181 propter
514 1151 639 1170 morum
668 1139 771 1170 defor-

193 1187 343 1217 mitatem.

244 1233 275 1262 3.
292 1231 342 1262 Sic
363 1232 469 1263 visum
494 1232 634 1262 Veneri.-
657 1234 767 1263 usitata

194 1278 281 1319 apud
313 1285 419 1319 poetas
448 1278 599 1317 formula,
633 1277 694 1318 qua
723 1280 767 1309 rei

193 1325 361 1366 singularis
379 1336 503 1356 causam
528 1335 593 1355 non
613 1325 701 1354 aliter
722 1326 767 1355 in-

195 1371 321 1407 dicant,
337 1372 432 1412 qualn
460 1382 526 1402 eam
553 1371 662 1401 liberae
691 1369 766 1401 deo-

193 1427 266 1448 rum
280 1425 334 1449 aut
351 1419 484 1457 alicujus
499 1418 638 1448 numinis
656 1417 767 1446 volun-

193 1464 251 1494 tati
270 1465 449 1496 tribuendo.
470 1481 516 1487 --
536 1461 595 1494 Dfs
615 1462 710 1493 aliter
721 1463 770 1492 vi-

192 1519 260 1539 sum
272 1535 280 1548 ,
295 1511 417 1542 AEneid.
429 1511 477 1546 11,
489 1516 550 1547 427
564 1521 572 1547 3
593 1508 768 1549 Postquizm

195 1566 243 1586 res
273 1558 381 1593 Asiae,
413 1556 595 1596 Priamique
636 1562 770 1585 evertere

191 1612 322 1643 gentem
340 1603 536 1633 Immericam
553 1601 657 1631 visum
678 1611 767 1641 supe-

194 1647 252 1683 ris,
279 1650 400 1681 AEneid.
429 1651 496 1686 III,
517 1658 546 1678 2.
565 1665 609 1670 —
629 1648 769 1688 Impares

184 1693 313 1735 formas
344 1703 441 1737 atque
465 1691 595 1724 'animos
619 1704 630 1723 .-
653 1693 767 1723 formas

188 1741 378 1783 inaequales,
407 1740 566 1771 discordes
590 1740 710 1770 animos
725 1739 767 1769 itin

191 1786 342 1831 J'uugere‚
361 1795 397 1818 ut
420 1786 583 1828 nunquam
606 1785 680 1816 inde
699 1796 766 1815 mu-

195 1838 268 1866 tuus
286 1845 373 1865 amor
387 1834 484 1876 possit
503 1834 655 1870 existere;
676 1830 765 1867 oiim,

820 816 971 847 deformis
985 815 1168 855 formosam,
1187 828 1284 848 senex
1303 819 1390 859 puel-

819 862 881 893 lam
892 885 900 900 ,
915 862 964 893 vel
979 864 1048 903 quis
1061 863 1140 893 alius
1153 863 1253 894 forma
1265 864 1313 895 vel
1326 875 1389 895 mo-

820 909 909 939 ribus
936 907 1091 949 disparem
1127 916 1218 940 amat.
1250 928 1295 933 —-
1326 911 1388 941 Sub

814 953 896 996 juga
915 953 1040 985 ahenea
1055 955 1186 987 mittere.
1202 956 1290 987 Nihil
1304 957 1387 987 enim

818 1000 930 1031 durius
953 1000 1048 1042 quam
1062 1002 1173 1043 jugum
1192 1003 1306 1033 amoris
1323 1013 1390 1033 non

819 1049 957 1088 accepti,
975 1057 1048 1078 cum
1076 1047 1201 1078 fastidio
1222 1048 1387 1090 repudiati.

821 1095 961 1124 Servitus
1004 1100 1050 1124 est
1081 1095 1148 1124 sine
1185 1095 1320 1136 peculio.
1344 1113 1389 1118 ——

822 1141 910 1170 Saevo
935 1150 1005 1170 cum
1026 1139 1102 1181 joco
1117 1151 1128 1170 .·
1143 1151 1178 1170 ea
1196 1147 1242 1171 est
1258 1143 1389 1172 Veneris

821 1192 852 1216 et
867 1187 994 1216 Amoris
1002 1186 1135 1224 indoles,
1150 1194 1185 1217 ut
1199 1187 1391 1218 cruciatibus

821 1233 989 1262 amantium
1009 1232 1172 1274 gaudeant.
1184 1233 1265 1263 Vide
1278 1234 1391 1274 passim

819 1279 853 1308 in
867 1279 978 1319 poetiS.

867 1330 897 1360 4.
914 1325 1032 1355 ⁴Melior
1045 1327 1169 1355 Venus:
1182 1324 1240 1356 alia
1260 1326 1370 1356 amasia
1383 1349 1391 1363 ‚

820 1380 926 1400 amore
959 1381 1028 1401 meo
1062 1370 1197 1412 dignior.
1225 1389 1270 1403 ν,-
1290 1370 1391 1401 Gratiz‘

819 1416 951 1446 detinuit
965 1417 1114 1457 compede
1129 1428 1139 1447 :
1157 1419 1193 1447 in
1210 1417 1391 1448 servitutem

821 1461 965 1501 reduxit,
1000 1474 1070 1504 quae
1100 1463 1176 1493 mihi
1212 1463 1391 1494 dulcissima

821 1515 902 1546 erat,
915 1510 1058 1549 quamvis
1071 1509 1208 1550 Myrtale
1223 1510 1303 1540 foret
1315 1508 1392 1539 fluc-

822 1554 907 1584 tibus
920 1555 1086 1585 Hadrianis
1098 1555 1290 1587 iracundior.
1309 1555 1392 1586 Mai-s

822 1600 855 1630 Ia
874 1601 980 1631 raison
1005 1602 1085 1631 n'est
1100 1612 1164 1642 pas
1181 1612 1216 1632 ce
1234 1602 1291 1643 qui
1306 1601 1393 1643 regle

821 1647 968 1684 l’amour,
989 1647 1114 1678 Molier.
1131 1648 1275 1678 Misamr.
1292 1654 1342 1678 act
1358 1649 1373 1677 I
1382 1671 1390 1680 .

822 1703 904 1724 scen.
923 1695 947 1724 l.
957 1711 1003 1717 ——
1014 1693 1174 1724 Curvantis
1189 1692 1343 1724 Calabros
1357 1693 1393 1723 si-

824 1750 880 1769 nus
897 1750 907 1768 .·
932 1740 1099 1770 ambientis
1133 1739 1325 1778 Calabriam,
1361 1747 1392 1770 et

820 1795 885 1815 sese
904 1785 1091 1816 inflectemis
1108 1786 1146 1816 ad
1169 1786 1284 1818 littoris
1304 1786 1389 1818 Cala-

821 1831 901 1861 brici
917 1839 1127 1862 curvaturam.
