1456 2508
214 170 282 207 '108

609 175 649 214 Q.
674 173 856 206 HORATn
879 173 1030 205 FLACCI

323 230 425 281 Quid
441 232 647 271 Tiridatem
666 240 823 278 terreat,
839 233 949 270 unice
1393 243 1405 266 5

324 298 498 333 Securus.
519 294 572 339 Ο,
590 305 674 342 quae
692 291 858 330 fontibus
876 291 1032 342 integris
1044 285 1059 311 3

377 353 546 399 Gaudes,
566 353 715 403 apricos
733 361 840 390 necte
858 351 991 399 flores,

429 416 546 450 Necte
564 425 649 449 meo
668 411 807 449 Lamiae
825 423 1003 449 coronam

329 473 485 523 Pimplei
502 472 637 510 dulcis!
655 473 707 509 nil
727 473 806 510 sine
825 479 879 518 te,
899 471 973 508 mei

327 535 486 570 Possunt
503 533 688 570 honores:
704 531 806 568 hunc
824 530 962 568 fidibus
981 530 1108 577 novis,
1379 546 1408 562 ιο

380 596 490 631 Hunc
509 592 647 630 Lesbio
666 605 813 629 sacrare
828 592 973 642 plectro

431 655 559 702 Teque
577 660 736 701 tuasque
755 651 861 688 decet
878 654 1045 690 Sorores.

227 784 289 808 tam
314 777 348 806 in
374 774 406 806 h.
429 775 450 805 l.
466 793 511 798 —
529 775 626 806 Unice
646 786 769 806 securus
783 786 794 805 ,τ

226 826 336 854 Romae
350 821 470 855 multus
484 828 550 852 erat
566 832 668 852 sermo
682 821 721 852 de
738 822 794 852 illo

227 868 386 906 Tiridate,
409 875 439 898 et
461 868 553 898 anxia
573 869 737 898 curiositas
755 867 794 898 de

227 915 304 946 belli
327 913 436 945 contra
457 924 529 944 eum
551 915 689 955 suscepti
704 925 795 944 eveu-

227 968 276 993 tu.
291 961 440 992 Horatius
455 970 535 990 unus
552 959 626 1001 (hic
644 967 690 990 est
710 961 795 990 enim

228 1017 337 1038 sensus
359 1005 486 1038 adverb.
506 1006 615 1047 unice)
630 1007 794 1037 Musarum

229 1054 395 1084 amicitiam
409 1053 523 1083 talibus
537 1053 620 1083 curis
634 1062 795 1094 praepone-

233 1100 297 1130 bat.

279 1148 309 1177 3.
334 1147 371 1182 O,
394 1144 620 1188 quaesentibus
647 1144 793 1186 integris:

232 1193 334 1224 fontes
351 1193 492 1235 poeticos
504 1191 668 1233 intelligit,
687 1192 797 1222 ceteris

231 1238 355 1270 vatibus
378 1240 527 1270 Romanis
548 1235 699 1268 hacteuus
717 1238 798 1267 inac—

234 1295 355 1324 cessos;
376 1285 480 1327 lyrico
503 1285 634 1314 carmini
658 1283 799 1314 alludens

232 1331 319 1373 quod
334 1332 455 1373 primus
469 1333 602 1362 Romam
617 1332 798 1367 invexerat,

232 1384 270 1408 ut
291 1379 358 1419 ipse
383 1377 550 1420 gloriatur,
575 1378 643 1413 111,
664 1377 725 1413 30,
747 1377 799 1414 13,

234 1423 335 1454 Dicar
350 1423 499 1465 princeps
515 1422 656 1454 AEolium
672 1433 800 1452 carmen

235 1470 282 1500 ad
298 1471 400 1502 Italos
418 1469 587 1500 deduxisse
612 1468 731 1500 modos.
752 1470 802 1500 Sic

234 1517 323 1558 Virg.
353 1517 468 1558 Georg.
494 1517 545 1554 11,
576 1515 659 1554 175,
681 1522 804 1544 sanctos

235 1573 330 1593 ausus
345 1563 506 1593 recludere
512 1561 635 1604 fontes.
649 1579 696 1584 —
710 1561 804 1601 Apri-

235 1619 287 1640 cos
292 1608 396 1652 flores
410 1619 420 1638 :
435 1608 528 1639 flores
545 1609 579 1639 in
598 1608 710 1648 apricis
727 1607 805 1637 locis

235 1657 318 1694 nati,
348 1654 517 1686 vividiores
538 1655 555 1684 ὸ
579 1653 727 1684 solarium
754 1664 802 1683 ra-

237 1701 365 1732 diorum
393 1707 542 1731 contactu
577 1699 698 1730 colores
727 1710 803 1730 con-

239 1747 379 1778 trahunt.
389 1765 436 1771 —
446 1747 519 1778 Meo
544 1745 666 1776 Lamice
680 1754 688 1775 :
703 1745 803 1777 AElius

238 1793 340 1824 Lamia
356 1794 373 1824 ὲ
391 1791 584 1825 nobilissima
607 1799 638 1823 et
653 1792 804 1833 antiquis-

846 773 922 805 simu
949 781 1041 816 gente
1071 780 1159 804 ortus
1175 772 1230 815 (v.
1253 773 1315 805 Od.
1343 774 1410 811 111,

851 832 887 860 17
902 844 910 858 ‚
931 820 988 862 1),
1007 820 1102 851 rebus
1118 815 1304 851 Cantabrico
1326 819 1411 850 bello

846 868 938 912 gestis
962 867 1168 905 clarissimus,
1192 876 1275 896 anno
1298 872 1411 896 octavo

845 921 918 955 post
939 919 1074 944 mortem
1101 913 1243 951 Horatii,
1267 911 1410 943 consula-

846 967 915 990 tum
933 970 1006 990 eum
1027 961 1074 990 M.
1094 959 1226 990 Servilio
1248 959 1350 1000 gessit.
1367 975 1413 982 —

847 1005 988 1047 Pimple‘i
998 1004 1099 1037 dulcis
1111 1018 1123 1036 :
1136 1001 1293 1048 Πιμπληὶς
1310 1005 1412 1035 Musae

847 1051 863 1082 a
891 1050 1031 1093 Pimpla,
1057 1052 1108 1082 vel
1132 1050 1291 1093 Pimplea,
1312 1051 1414 1081 Mace-

848 1097 954 1128 doniae
977 1104 1102 1136 monte,
1128 1099 1219 1138 cujus
1249 1097 1286 1127 in
1311 1096 1414 1126 radice

849 1144 920 1175 sous
953 1145 1140 1186 Pimpbeus,
1172 1143 1274 1175 Musis
1307 1153 1413 1180 sacer,

848 1190 1011 1232 Pimpleae,
1041 1190 1229 1231 Pimpleides
1255 1189 1416 1231 appellatae

850 1244 933 1267 sunt.
946 1253 992 1260 —-
1009 1236 1077 1267 Mei
1090 1235 1222 1267 honores
1233 1247 1244 1266 :
1259 1234 1415 1276 quidquid

851 1284 988 1324 ingenii,
1005 1281 1162 1323 quidquid
1179 1293 1235 1324 per
1255 1282 1415 1323 ingenium

851 1329 982 1359 honoris
997 1329 1126 1359 sortitus
1144 1339 1225 1359 sum.
1236 1345 1280 1352 -
1291 1327 1417 1358 Fidibus

853 1374 938 1405 novis
954 1387 965 1405 .·
979 1374 1123 1405 inaudito
1138 1375 1290 1407 Romanis
1303 1371 1416 1404 fidium

851 1422 1022 1463 lyricarurn
1033 1431 1122 1452 sono.
1136 1431 1166 1452 v.
1178 1419 1284 1462 supra.
1293 1437 1340 1444 —
1348 1421 1418 1450 Les-

850 1468 899 1498 bio
911 1468 1032 1508 plectro
1045 1478 1056 1498 .·
1077 1466 1116 1497 ad
1138 1477 1282 1498 normam
1300 1473 1332 1497 et
1352 1476 1418 1496 mo-

852 1514 910 1544 dos
924 1514 1022 1544 Alcaei
1031 1520 1062 1544 et
1071 1513 1224 1554 Sapphus,
1236 1513 1302 1554 qui,
1318 1513 1334 1542 e
1347 1514 1419 1542 Les-

853 1560 896 1590 bo
920 1559 1068 1598 oriundi,
1087 1569 1241 1589 summam
1262 1559 1297 1588 in
1318 1557 1420 1599 lyrico

854 1607 991 1637 carmine
1003 1606 1138 1647 gloriam
1150 1604 1255 1646 adepti
1266 1610 1365 1635 erant.
1375 1621 1421 1627 —

856 1654 990 1682 Sacrare
1019 1661 1027 1682 :
1059 1651 1200 1693 energice
1221 1660 1229 1682 :
1257 1656 1420 1691 poetarum

855 1700 939 1728 enim
953 1696 1100 1728 laudibus
1112 1697 1228 1739 egregii
1243 1695 1304 1727 viri
1319 1695 1422 1726 homi·

856 1755 934 1774 num
962 1744 1120 1774 memoriae
1137 1749 1169 1773 et
1186 1742 1275 1784 quasi
1297 1742 1422 1772 immor-

857 1791 966 1820 talitati
985 1795 1219 1823 consecrantur.
