<?xml version="1.0" encoding="UTF-8"?>
<!DOCTYPE html PUBLIC "-//W3C//DTD XHTML 1.0 Transitional//EN"
    "http://www.w3.org/TR/xhtml1/DTD/xhtml1-transitional.dtd">
<html xmlns="http://www.w3.org/1999/xhtml" xml:lang="en" lang="en">
 <head>
  <title>
</title>
<meta http-equiv="Content-Type" content="text/html;charset=utf-8" />
  <meta name='ocr-system' content='tesseract 3.04.00' />
  <meta name='ocr-capabilities' content='ocr_page ocr_carea ocr_par ocr_line ocrx_word'/>
</head>
<body>
  <div class='ocr_page' id='page_1' title='image "./quintushoratiusf01horauoft_0375.png"; bbox 0 0 1404 2482; ppageno 0'>
   <div class='ocr_carea' id='block_1_1' title="bbox 479 136 879 169">
    <p class='ocr_par' dir='ltr' id='par_1_1' title="bbox 479 136 879 169">
     <span class='ocr_line' id='line_1_1' title="bbox 479 136 879 169; baseline 0 -1"><span class='ocrx_word' id='word_1_1' title='bbox 479 137 558 169; x_wconf 88' lang='lat' dir='ltr'>LIB.</span> <span class='ocrx_word' id='word_1_2' title='bbox 582 137 634 167; x_wconf 90' lang='lat'><strong>111</strong></span> <span class='ocrx_word' id='word_1_3' title='bbox 657 136 745 168; x_wconf 84' lang='lat' dir='ltr'><strong>oDE</strong></span> <span class='ocrx_word' id='word_1_4' title='bbox 768 138 879 169; x_wconf 74' lang='lat' dir='ltr'>XXX.</span> 
     </span>
    </p>
   </div>
   <div class='ocr_carea' id='block_1_2' title="bbox 141 194 1282 558">
    <p class='ocr_par' dir='ltr' id='par_1_2' title="bbox 142 194 977 249">
     <span class='ocr_line' id='line_1_2' title="bbox 142 194 977 249; baseline -0.001 -13"><span class='ocrx_word' id='word_1_5' title='bbox 142 199 191 236; x_wconf 90' lang='lat' dir='ltr'><strong>Et</strong></span> <span class='ocrx_word' id='word_1_6' title='bbox 206 198 284 249; x_wconf 65' lang='lat' dir='ltr'><strong>qua</strong></span> <span class='ocrx_word' id='word_1_7' title='bbox 295 207 446 249; x_wconf 85' lang='lat' dir='ltr'><strong>pauper</strong></span> <span class='ocrx_word' id='word_1_8' title='bbox 463 208 574 248; x_wconf 85' lang='lat' dir='ltr'><strong>aquae</strong></span> <span class='ocrx_word' id='word_1_9' title='bbox 588 197 751 234; x_wconf 88' lang='lat' dir='ltr'><strong>Daunus</strong></span> <span class='ocrx_word' id='word_1_10' title='bbox 765 194 977 247; x_wconf 84' lang='lat' dir='ltr'><strong>agrestium</strong></span> 
     </span>
    </p>

    <p class='ocr_par' dir='ltr' id='par_1_3' title="bbox 141 256 1001 310">
     <span class='ocr_line' id='line_1_3' title="bbox 141 256 1001 310; baseline 0 -13"><span class='ocrx_word' id='word_1_11' title='bbox 141 257 333 310; x_wconf 83' lang='lat' dir='ltr'><strong>Regnavit</strong></span> <span class='ocrx_word' id='word_1_12' title='bbox 345 256 582 310; x_wconf 88' lang='lat' dir='ltr'><strong>populorum</strong></span> <span class='ocrx_word' id='word_1_13' title='bbox 591 287 604 307; x_wconf 90' lang='lat'><strong><em>,</em></strong></span> <span class='ocrx_word' id='word_1_14' title='bbox 625 270 675 296; x_wconf 82' lang='lat' dir='ltr'><strong>ex</strong></span> <span class='ocrx_word' id='word_1_15' title='bbox 687 256 828 295; x_wconf 85' lang='lat' dir='ltr'><strong>humili</strong></span> <span class='ocrx_word' id='word_1_16' title='bbox 843 266 982 309; x_wconf 86' lang='lat' dir='ltr'><strong>potens</strong></span> <span class='ocrx_word' id='word_1_17' title='bbox 990 286 1001 307; x_wconf 91' lang='lat'>,</span> 
     </span>
    </p>

    <p class='ocr_par' dir='ltr' id='par_1_4' title="bbox 143 317 886 372">
     <span class='ocr_line' id='line_1_4' title="bbox 143 317 886 372; baseline 0 -14"><span class='ocrx_word' id='word_1_18' title='bbox 143 318 326 372; x_wconf 85' lang='lat' dir='ltr'><strong>Princeps</strong></span> <span class='ocrx_word' id='word_1_19' title='bbox 341 318 512 358; x_wconf 86' lang='lat' dir='ltr'><strong>AEolium</strong></span> <span class='ocrx_word' id='word_1_20' title='bbox 528 332 685 359; x_wconf 87' lang='lat' dir='ltr'><strong>carmen</strong></span> <span class='ocrx_word' id='word_1_21' title='bbox 701 317 751 358; x_wconf 90' lang='lat' dir='ltr'><strong>ad</strong></span> <span class='ocrx_word' id='word_1_22' title='bbox 765 318 886 358; x_wconf 91' lang='lat' dir='ltr'><strong>Italos</strong></span> 
     </span>
    </p>

    <p class='ocr_par' dir='ltr' id='par_1_5' title="bbox 142 379 901 432">
     <span class='ocr_line' id='line_1_5' title="bbox 142 379 901 432; baseline 0.001 -14"><span class='ocrx_word' id='word_1_23' title='bbox 142 379 359 419; x_wconf 87' lang='lat' dir='ltr'><strong>Deduxisse</strong></span> <span class='ocrx_word' id='word_1_24' title='bbox 374 380 523 431; x_wconf 76' lang='lat' dir='ltr'><strong>quos.</strong></span> <span class='ocrx_word' id='word_1_25' title='bbox 541 383 660 421; x_wconf 92' lang='lat' dir='ltr'><strong>Sume</strong></span> <span class='ocrx_word' id='word_1_26' title='bbox 676 379 901 432; x_wconf 87' lang='lat' dir='ltr'><strong>superbiam</strong></span> 
     </span>
    </p>

    <p class='ocr_par' dir='ltr' id='par_1_6' title="bbox 142 441 1282 558">
     <span class='ocr_line' id='line_1_6' title="bbox 142 441 1282 495; baseline 0 -15"><span class='ocrx_word' id='word_1_27' title='bbox 142 441 354 489; x_wconf 84' lang='lat' dir='ltr'><strong>Quaesitam</strong></span> <span class='ocrx_word' id='word_1_28' title='bbox 366 443 514 483; x_wconf 87' lang='lat' dir='ltr'><strong>meritis</strong></span> <span class='ocrx_word' id='word_1_29' title='bbox 523 473 535 494; x_wconf 94' lang='lat'><strong><em>,</em></strong></span> <span class='ocrx_word' id='word_1_30' title='bbox 553 452 593 483; x_wconf 91' lang='lat' dir='ltr'><strong>et</strong></span> <span class='ocrx_word' id='word_1_31' title='bbox 605 443 704 483; x_wconf 83' lang='lat' dir='ltr'><strong>mihi</strong></span> <span class='ocrx_word' id='word_1_32' title='bbox 717 442 909 495; x_wconf 68' lang='lat' dir='ltr'><strong>Delphica</strong></span> <span class='ocrx_word' id='word_1_33' title='bbox 1251 451 1282 478; x_wconf 71' lang='grc' dir='ltr'><strong>ιε</strong></span> 
     </span>
     <span class='ocr_line' id='line_1_7' title="bbox 142 504 1031 558; baseline 0 -16"><span class='ocrx_word' id='word_1_34' title='bbox 142 505 272 543; x_wconf 89' lang='lat' dir='ltr'><strong>Lauro</strong></span> <span class='ocrx_word' id='word_1_35' title='bbox 286 504 397 557; x_wconf 85' lang='lat' dir='ltr'>cinge</span> <span class='ocrx_word' id='word_1_36' title='bbox 411 506 544 544; x_wconf 84' lang='lat' dir='ltr'><strong>volens</strong></span> <span class='ocrx_word' id='word_1_37' title='bbox 555 534 566 555; x_wconf 90' lang='lat'>,</span> <span class='ocrx_word' id='word_1_38' title='bbox 580 505 827 558; x_wconf 85' lang='lat' dir='ltr'>Melpomene</span> <span class='ocrx_word' id='word_1_39' title='bbox 838 534 849 555; x_wconf 93' lang='lat'>‚</span> <span class='ocrx_word' id='word_1_40' title='bbox 867 516 1031 543; x_wconf 89' lang='lat' dir='ltr'><strong>comam.</strong></span> 
     </span>
    </p>
   </div>
   <div class='ocr_carea' id='block_1_3' title="bbox 58 633 647 1295">
    <p class='ocr_par' dir='ltr' id='par_1_7' title="bbox 58 633 647 1295">
     <span class='ocr_line' id='line_1_8' title="bbox 60 633 646 676; baseline 0.007 -14"><span class='ocrx_word' id='word_1_41' title='bbox 60 649 108 656; x_wconf 90' lang='lat'>—</span> <span class='ocrx_word' id='word_1_42' title='bbox 123 633 256 675; x_wconf 79' lang='lat' dir='ltr'><strong>Pauper</strong></span> <span class='ocrx_word' id='word_1_43' title='bbox 267 644 364 676; x_wconf 83' lang='lat' dir='ltr'><strong>aquoe</strong></span> <span class='ocrx_word' id='word_1_44' title='bbox 378 635 518 666; x_wconf 79' lang='lat' dir='ltr'><strong>Daunus</strong></span> <span class='ocrx_word' id='word_1_45' title='bbox 533 645 544 665; x_wconf 91' lang='lat'><em>:</em></span> <span class='ocrx_word' id='word_1_46' title='bbox 561 636 646 666; x_wconf 87' lang='lat' dir='ltr'><strong>Dau-</strong></span> 
     </span>
     <span class='ocr_line' id='line_1_9' title="bbox 60 681 644 725; baseline 0.005 -15"><span class='ocrx_word' id='word_1_47' title='bbox 60 690 123 711; x_wconf 78' lang='lat' dir='ltr'><strong>nus</strong></span> <span class='ocrx_word' id='word_1_48' title='bbox 133 702 143 719; x_wconf 82' lang='lat'><strong><em>,</em></strong></span> <span class='ocrx_word' id='word_1_49' title='bbox 159 690 246 712; x_wconf 81' lang='lat' dir='ltr'><strong>uuus</strong></span> <span class='ocrx_word' id='word_1_50' title='bbox 258 681 276 712; x_wconf 78' lang='grc' dir='ltr'>ὁ</span> <span class='ocrx_word' id='word_1_51' title='bbox 291 682 404 724; x_wconf 84' lang='lat' dir='ltr'><strong>primis</strong></span> <span class='ocrx_word' id='word_1_52' title='bbox 417 682 548 724; x_wconf 76' lang='lat' dir='ltr'><strong>Apuliae</strong></span> <span class='ocrx_word' id='word_1_53' title='bbox 559 683 644 725; x_wconf 87' lang='lat' dir='ltr'><strong>regi-</strong></span> 
     </span>
     <span class='ocr_line' id='line_1_10' title="bbox 61 726 644 771; baseline 0.007 -14"><span class='ocrx_word' id='word_1_54' title='bbox 61 726 140 766; x_wconf 74' lang='lat' dir='ltr'><strong>bus,</strong></span> <span class='ocrx_word' id='word_1_55' title='bbox 154 726 240 770; x_wconf 71' lang='lat' dir='ltr'><strong>quial</strong></span> <span class='ocrx_word' id='word_1_56' title='bbox 254 727 356 768; x_wconf 66' lang='lat' dir='ltr'><strong>terra,</strong></span> <span class='ocrx_word' id='word_1_57' title='bbox 367 730 462 770; x_wconf 79' lang='lat' dir='ltr'><strong>cujus</strong></span> <span class='ocrx_word' id='word_1_58' title='bbox 469 730 644 771; x_wconf 84' lang='lat' dir='ltr'><strong>imperium</strong></span> 
     </span>
     <span class='ocr_line' id='line_1_11' title="bbox 59 773 635 819; baseline 0.007 -14"><span class='ocrx_word' id='word_1_59' title='bbox 59 773 208 814; x_wconf 76' lang='lat' dir='ltr'><strong>tenebat,</strong></span> <span class='ocrx_word' id='word_1_60' title='bbox 228 775 315 806; x_wconf 67' lang='lat' dir='ltr'><strong>arida</strong></span> <span class='ocrx_word' id='word_1_61' title='bbox 329 783 362 808; x_wconf 89' lang='lat' dir='ltr'><strong>et</strong></span> <span class='ocrx_word' id='word_1_62' title='bbox 374 775 539 808; x_wconf 64' lang='lat' dir='ltr'><strong>siliculosa</strong></span> <span class='ocrx_word' id='word_1_63' title='bbox 552 778 635 819; x_wconf 88' lang='lat' dir='ltr'><strong>ipse,</strong></span> 
     </span>
     <span class='ocr_line' id='line_1_12' title="bbox 60 820 645 867; baseline 0.007 -15"><span class='ocrx_word' id='word_1_64' title='bbox 60 831 120 863; x_wconf 87' lang='lat' dir='ltr'><strong>per</strong></span> <span class='ocrx_word' id='word_1_65' title='bbox 132 820 272 865; x_wconf 79' lang='lat' dir='ltr'><strong>lyricam</strong></span> <span class='ocrx_word' id='word_1_66' title='bbox 290 824 552 863; x_wconf 80' lang='lat' dir='ltr'><strong>translationem,</strong></span> <span class='ocrx_word' id='word_1_67' title='bbox 564 835 645 867; x_wconf 87' lang='lat' dir='ltr'><strong>pau-</strong></span> 
     </span>
     <span class='ocr_line' id='line_1_13' title="bbox 59 872 646 914; baseline 0.007 -15"><span class='ocrx_word' id='word_1_68' title='bbox 59 878 121 909; x_wconf 81' lang='lat' dir='ltr'><strong>per</strong></span> <span class='ocrx_word' id='word_1_69' title='bbox 133 879 230 912; x_wconf 85' lang='lat' dir='ltr'><strong>aquoe</strong></span> <span class='ocrx_word' id='word_1_70' title='bbox 243 878 465 914; x_wconf 81' lang='lat' dir='ltr'><strong>nuncupatur.</strong></span> <span class='ocrx_word' id='word_1_71' title='bbox 474 872 646 914; x_wconf 76' lang='lat' dir='ltr'><strong>——Agres-</strong></span> 
     </span>
     <span class='ocr_line' id='line_1_14' title="bbox 61 914 644 962; baseline 0.01 -17"><span class='ocrx_word' id='word_1_72' title='bbox 61 914 142 947; x_wconf 80' lang='lat' dir='ltr'><strong>tium</strong></span> <span class='ocrx_word' id='word_1_73' title='bbox 161 917 310 960; x_wconf 73' lang='lat' dir='ltr'><strong>regnavit</strong></span> <span class='ocrx_word' id='word_1_74' title='bbox 319 919 518 962; x_wconf 83' lang='lat' dir='ltr'><strong>populorum</strong></span> <span class='ocrx_word' id='word_1_75' title='bbox 535 930 547 950; x_wconf 90' lang='lat'><strong>.·</strong></span> <span class='ocrx_word' id='word_1_76' title='bbox 564 926 644 951; x_wconf 86' lang='lat' dir='ltr'><strong>noto</strong></span> 
     </span>
     <span class='ocr_line' id='line_1_15' title="bbox 58 961 647 1010; baseline 0.007 -16"><span class='ocrx_word' id='word_1_77' title='bbox 58 961 260 1005; x_wconf 74' lang='lat' dir='ltr'><strong>hellenismo,</strong></span> <span class='ocrx_word' id='word_1_78' title='bbox 268 976 341 1008; x_wconf 85' lang='lat' dir='ltr'><strong>pro,</strong></span> <span class='ocrx_word' id='word_1_79' title='bbox 348 968 496 1009; x_wconf 80' lang='lat' dir='ltr'><strong>regnavit</strong></span> <span class='ocrx_word' id='word_1_80' title='bbox 503 968 539 999; x_wconf 85' lang='lat' dir='ltr'><strong>in</strong></span> <span class='ocrx_word' id='word_1_81' title='bbox 547 977 647 1010; x_wconf 85' lang='lat' dir='ltr'><strong>agres-</strong></span> 
     </span>
     <span class='ocr_line' id='line_1_16' title="bbox 61 1009 646 1058; baseline 0.005 -16"><span class='ocrx_word' id='word_1_82' title='bbox 61 1017 110 1042; x_wconf 77' lang='lat' dir='ltr'><strong>tes</strong></span> <span class='ocrx_word' id='word_1_83' title='bbox 125 1012 286 1054; x_wconf 81' lang='lat' dir='ltr'><strong>populos,</strong></span> <span class='ocrx_word' id='word_1_84' title='bbox 304 1009 379 1058; x_wconf 72' lang='grc' dir='ltr'>ἦρξε</span> <span class='ocrx_word' id='word_1_85' title='bbox 395 1015 494 1046; x_wconf 80' lang='grc' dir='ltr'><strong>λαῶν.</strong></span> <span class='ocrx_word' id='word_1_86' title='bbox 514 1016 571 1046; x_wconf 72' lang='lat' dir='ltr'><strong>Ea:</strong></span> <span class='ocrx_word' id='word_1_87' title='bbox 589 1013 646 1045; x_wconf 85' lang='grc' dir='ltr'><em>Ῐιιι-</em></span> 
     </span>
     <span class='ocr_line' id='line_1_17' title="bbox 62 1057 647 1101; baseline 0.01 -13"><span class='ocrx_word' id='word_1_88' title='bbox 62 1057 134 1090; x_wconf 79' lang='lat' dir='ltr'><strong>mili</strong></span> <span class='ocrx_word' id='word_1_89' title='bbox 146 1067 266 1101; x_wconf 85' lang='lat' dir='ltr'><strong>potens</strong></span> <span class='ocrx_word' id='word_1_90' title='bbox 282 1071 295 1091; x_wconf 88' lang='lat'><strong>.·</strong></span> <span class='ocrx_word' id='word_1_91' title='bbox 312 1061 383 1093; x_wconf 81' lang='lat' dir='ltr'><strong>haec</strong></span> <span class='ocrx_word' id='word_1_92' title='bbox 405 1062 505 1094; x_wconf 87' lang='lat' dir='ltr'><strong>verba</strong></span> <span class='ocrx_word' id='word_1_93' title='bbox 523 1061 563 1093; x_wconf 85' lang='lat' dir='ltr'><strong>ad</strong></span> <span class='ocrx_word' id='word_1_94' title='bbox 579 1063 647 1094; x_wconf 85' lang='lat' dir='ltr'><strong>Ho-</strong></span> 
     </span>
     <span class='ocr_line' id='line_1_18' title="bbox 61 1106 647 1152; baseline 0.009 -16"><span class='ocrx_word' id='word_1_95' title='bbox 61 1106 180 1137; x_wconf 80' lang='lat' dir='ltr'><strong>ratium</strong></span> <span class='ocrx_word' id='word_1_96' title='bbox 207 1107 374 1140; x_wconf 76' lang='lat' dir='ltr'><strong>referenda</strong></span> <span class='ocrx_word' id='word_1_97' title='bbox 399 1116 494 1149; x_wconf 86' lang='lat' dir='ltr'><strong>sunt,</strong></span> <span class='ocrx_word' id='word_1_98' title='bbox 522 1110 580 1152; x_wconf 87' lang='lat' dir='ltr'><strong>qui</strong></span> <span class='ocrx_word' id='word_1_99' title='bbox 605 1120 647 1141; x_wconf 85' lang='lat' dir='ltr'><strong>ex</strong></span> 
     </span>
     <span class='ocr_line' id='line_1_19' title="bbox 62 1152 646 1199; baseline 0.007 -15"><span class='ocrx_word' id='word_1_100' title='bbox 62 1152 208 1186; x_wconf 72' lang='lat' dir='ltr'><strong>obscuro</strong></span> <span class='ocrx_word' id='word_1_101' title='bbox 245 1154 321 1187; x_wconf 85' lang='lat' dir='ltr'><strong>loco</strong></span> <span class='ocrx_word' id='word_1_102' title='bbox 331 1178 341 1195; x_wconf 95' lang='lat'>,</span> <span class='ocrx_word' id='word_1_103' title='bbox 369 1155 523 1189; x_wconf 80' lang='lat' dir='ltr'><strong>libertino</strong></span> <span class='ocrx_word' id='word_1_104' title='bbox 553 1163 646 1199; x_wconf 86' lang='lat' dir='ltr'><strong>patre</strong></span> 
     </span>
     <span class='ocr_line' id='line_1_20' title="bbox 61 1201 645 1241; baseline 0.009 -10"><span class='ocrx_word' id='word_1_105' title='bbox 61 1207 174 1241; x_wconf 73' lang='lat' dir='ltr'><strong>natm,</strong></span> <span class='ocrx_word' id='word_1_106' title='bbox 201 1201 242 1234; x_wconf 86' lang='lat' dir='ltr'><strong>ad</strong></span> <span class='ocrx_word' id='word_1_107' title='bbox 267 1203 486 1236; x_wconf 82' lang='lat' dir='ltr'><strong>celebritatem</strong></span> <span class='ocrx_word' id='word_1_108' title='bbox 513 1211 645 1237; x_wconf 83' lang='lat' dir='ltr'><strong>evectus</strong></span> 
     </span>
     <span class='ocr_line' id='line_1_21' title="bbox 64 1249 646 1295; baseline 0.009 -16"><span class='ocrx_word' id='word_1_109' title='bbox 64 1254 130 1288; x_wconf 78' lang='lat' dir='ltr'><strong>est,</strong></span> <span class='ocrx_word' id='word_1_110' title='bbox 155 1255 187 1281; x_wconf 82' lang='lat' dir='ltr'><strong>et</strong></span> <span class='ocrx_word' id='word_1_111' title='bbox 205 1249 246 1282; x_wconf 82' lang='lat' dir='ltr'><strong>ad</strong></span> <span class='ocrx_word' id='word_1_112' title='bbox 269 1261 372 1293; x_wconf 81' lang='lat' dir='ltr'><strong>genus</strong></span> <span class='ocrx_word' id='word_1_113' title='bbox 394 1253 550 1294; x_wconf 79' lang='lat' dir='ltr'><strong>potentiae</strong></span> <span class='ocrx_word' id='word_1_114' title='bbox 572 1262 646 1295; x_wconf 84' lang='lat' dir='ltr'><strong>quae</strong></span> 
     </span>
    </p>
   </div>
   <div class='ocr_carea' id='block_1_4' title="bbox 693 630 1286 1292">
    <p class='ocr_par' dir='ltr' id='par_1_8' title="bbox 693 630 1286 1292">
     <span class='ocr_line' id='line_1_22' title="bbox 700 630 1283 675; baseline -0.003 -10"><span class='ocrx_word' id='word_1_115' title='bbox 700 633 887 665; x_wconf 79' lang='lat' dir='ltr'><strong>celebritate</strong></span> <span class='ocrx_word' id='word_1_116' title='bbox 909 638 942 664; x_wconf 80' lang='lat' dir='ltr'><strong>et</strong></span> <span class='ocrx_word' id='word_1_117' title='bbox 963 638 1150 675; x_wconf 76' lang='lat' dir='ltr'><strong>magnatum</strong></span> <span class='ocrx_word' id='word_1_118' title='bbox 1176 630 1283 664; x_wconf 82' lang='lat' dir='ltr'><strong>amiei-</strong></span> 
     </span>
     <span class='ocr_line' id='line_1_23' title="bbox 699 677 1286 723; baseline -0.003 -10"><span class='ocrx_word' id='word_1_119' title='bbox 699 679 775 713; x_wconf 66' lang='lat' dir='ltr'><strong>citia</strong></span> <span class='ocrx_word' id='word_1_120' title='bbox 802 691 861 723; x_wconf 85' lang='lat' dir='ltr'><strong>per</strong></span> <span class='ocrx_word' id='word_1_121' title='bbox 884 679 1105 712; x_wconf 83' lang='lat' dir='ltr'><strong>celebritatem</strong></span> <span class='ocrx_word' id='word_1_122' title='bbox 1128 677 1220 722; x_wconf 63' lang='lat' dir='ltr'><strong>parta</strong></span> <span class='ocrx_word' id='word_1_123' title='bbox 1237 680 1286 712; x_wconf 86' lang='lat' dir='ltr'><strong>in-</strong></span> 
     </span>
     <span class='ocr_line' id='line_1_24' title="bbox 697 726 1284 770; baseline -0.005 -9"><span class='ocrx_word' id='word_1_124' title='bbox 697 729 828 761; x_wconf 71' lang='lat' dir='ltr'><strong>nititur.</strong></span> <span class='ocrx_word' id='word_1_125' title='bbox 851 746 900 752; x_wconf 91' lang='lat'><em>-</em></span> <span class='ocrx_word' id='word_1_126' title='bbox 931 729 1028 759; x_wconf 82' lang='lat' dir='ltr'><strong>Sume</strong></span> <span class='ocrx_word' id='word_1_127' title='bbox 1060 726 1243 770; x_wconf 82' lang='lat' dir='ltr'><strong>superbiam</strong></span> <span class='ocrx_word' id='word_1_128' title='bbox 1272 739 1284 758; x_wconf 82' lang='lat'><strong>.-</strong></span> 
     </span>
     <span class='ocr_line' id='line_1_25' title="bbox 699 772 1284 818; baseline -0.003 -9"><span class='ocrx_word' id='word_1_129' title='bbox 699 787 790 809; x_wconf 85' lang='lat' dir='ltr'><strong>sume</strong></span> <span class='ocrx_word' id='word_1_130' title='bbox 805 775 942 818; x_wconf 83' lang='lat' dir='ltr'><strong>grandes</strong></span> <span class='ocrx_word' id='word_1_131' title='bbox 957 775 1102 818; x_wconf 84' lang='lat' dir='ltr'><strong>spiritus.</strong></span> <span class='ocrx_word' id='word_1_132' title='bbox 1111 772 1201 807; x_wconf 65' lang='lat' dir='ltr'><strong>Dum</strong></span> <span class='ocrx_word' id='word_1_133' title='bbox 1216 785 1284 807; x_wconf 87' lang='lat' dir='ltr'><strong>mu-</strong></span> 
     </span>
     <span class='ocr_line' id='line_1_26' title="bbox 698 822 1286 866; baseline -0.005 -9"><span class='ocrx_word' id='word_1_134' title='bbox 698 835 769 857; x_wconf 89' lang='lat' dir='ltr'><strong>sam</strong></span> <span class='ocrx_word' id='word_1_135' title='bbox 799 823 978 866; x_wconf 83' lang='lat' dir='ltr'><strong>alloquitur</strong></span> <span class='ocrx_word' id='word_1_136' title='bbox 1001 831 1110 862; x_wconf 80' lang='lat' dir='ltr'><strong>vates,</strong></span> <span class='ocrx_word' id='word_1_137' title='bbox 1130 822 1194 855; x_wconf 81' lang='lat' dir='ltr'><strong>sihi</strong></span> <span class='ocrx_word' id='word_1_138' title='bbox 1222 823 1286 866; x_wconf 81' lang='lat' dir='ltr'><strong>ipsi</strong></span> 
     </span>
     <span class='ocr_line' id='line_1_27' title="bbox 699 870 1284 914; baseline -0.005 -10"><span class='ocrx_word' id='word_1_139' title='bbox 699 871 814 904; x_wconf 88' lang='lat' dir='ltr'><strong>eodem</strong></span> <span class='ocrx_word' id='word_1_140' title='bbox 836 878 982 914; x_wconf 81' lang='lat' dir='ltr'><strong>tempore</strong></span> <span class='ocrx_word' id='word_1_141' title='bbox 1001 870 1170 902; x_wconf 83' lang='lat' dir='ltr'><strong>blanditur</strong></span> <span class='ocrx_word' id='word_1_142' title='bbox 1193 877 1226 902; x_wconf 88' lang='lat' dir='ltr'><strong>et</strong></span> <span class='ocrx_word' id='word_1_143' title='bbox 1237 870 1284 901; x_wconf 80' lang='lat' dir='ltr'><strong>fa-</strong></span> 
     </span>
     <span class='ocr_line' id='line_1_28' title="bbox 699 914 1286 960; baseline -0.002 -9"><span class='ocrx_word' id='word_1_144' title='bbox 699 927 765 952; x_wconf 76' lang='lat' dir='ltr'><strong>vet.</strong></span> <span class='ocrx_word' id='word_1_145' title='bbox 780 914 999 960; x_wconf 76' lang='lat' dir='ltr'><strong>-Delphiciz‘</strong></span> <span class='ocrx_word' id='word_1_146' title='bbox 1015 920 1124 950; x_wconf 82' lang='lat' dir='ltr'><strong>Lauro</strong></span> <span class='ocrx_word' id='word_1_147' title='bbox 1140 929 1151 949; x_wconf 90' lang='lat'><strong>.·</strong></span> <span class='ocrx_word' id='word_1_148' title='bbox 1171 919 1216 950; x_wconf 81' lang='lat' dir='ltr'><strong>sic</strong></span> <span class='ocrx_word' id='word_1_149' title='bbox 1231 919 1286 950; x_wconf 86' lang='lat' dir='ltr'><strong>in-</strong></span> 
     </span>
     <span class='ocr_line' id='line_1_29' title="bbox 700 965 1282 1008; baseline 0 -10"><span class='ocrx_word' id='word_1_150' title='bbox 700 966 766 1007; x_wconf 72' lang='lat' dir='ltr'><strong>fra,</strong></span> <span class='ocrx_word' id='word_1_151' title='bbox 785 966 850 1000; x_wconf 86' lang='lat' dir='ltr'><strong>od.</strong></span> <span class='ocrx_word' id='word_1_152' title='bbox 867 967 927 1006; x_wconf 84' lang='lat' dir='ltr'><strong>IV,</strong></span> <span class='ocrx_word' id='word_1_153' title='bbox 945 976 978 1004; x_wconf 81' lang='lat'><strong>2,</strong></span> <span class='ocrx_word' id='word_1_154' title='bbox 1001 976 1043 1008; x_wconf 86' lang='lat'><strong>9,</strong></span> <span class='ocrx_word' id='word_1_155' title='bbox 1060 965 1102 997; x_wconf 88' lang='lat' dir='ltr'><strong>de</strong></span> <span class='ocrx_word' id='word_1_156' title='bbox 1120 965 1282 1004; x_wconf 87' lang='lat' dir='ltr'><strong>Pindaro,</strong></span> 
     </span>
     <span class='ocr_line' id='line_1_30' title="bbox 701 1011 1284 1057; baseline -0.003 -11"><span class='ocrx_word' id='word_1_157' title='bbox 701 1016 760 1057; x_wconf 87' lang='lat' dir='ltr'><strong>qni</strong></span> <span class='ocrx_word' id='word_1_158' title='bbox 771 1038 780 1053; x_wconf 92' lang='lat'>,</span> <span class='ocrx_word' id='word_1_159' title='bbox 806 1011 922 1046; x_wconf 71' lang='lat' dir='ltr'><strong>Iaurec‘i</strong></span> <span class='ocrx_word' id='word_1_160' title='bbox 949 1013 1125 1045; x_wconf 78' lang='lat' dir='ltr'><strong>donandus</strong></span> <span class='ocrx_word' id='word_1_161' title='bbox 1152 1012 1284 1056; x_wconf 83' lang='lat' dir='ltr'><strong>Apolli-</strong></span> 
     </span>
     <span class='ocr_line' id='line_1_31' title="bbox 702 1059 1284 1103; baseline -0.003 -10"><span class='ocrx_word' id='word_1_162' title='bbox 702 1062 788 1094; x_wconf 80' lang='lat' dir='ltr'><strong>nari.</strong></span> <span class='ocrx_word' id='word_1_163' title='bbox 805 1080 851 1086; x_wconf 93' lang='lat'><strong>—-</strong></span> <span class='ocrx_word' id='word_1_164' title='bbox 869 1061 990 1092; x_wconf 82' lang='lat' dir='ltr'><strong>Volens</strong></span> <span class='ocrx_word' id='word_1_165' title='bbox 1006 1072 1018 1091; x_wconf 92' lang='lat'><em>:</em></span> <span class='ocrx_word' id='word_1_166' title='bbox 1034 1059 1132 1093; x_wconf 84' lang='grc' dir='ltr'><strong>θέλων</strong></span> <span class='ocrx_word' id='word_1_167' title='bbox 1147 1084 1156 1103; x_wconf 82' lang='grc'><strong><em>,</em></strong></span> <span class='ocrx_word' id='word_1_168' title='bbox 1172 1060 1284 1103; x_wconf 89' lang='lat' dir='ltr'><strong>propi-</strong></span> 
     </span>
     <span class='ocr_line' id='line_1_32' title="bbox 701 1107 1281 1151; baseline -0.003 -10"><span class='ocrx_word' id='word_1_169' title='bbox 701 1111 755 1142; x_wconf 76' lang='lat' dir='ltr'><strong>tia.</strong></span> <span class='ocrx_word' id='word_1_170' title='bbox 773 1112 895 1141; x_wconf 82' lang='lat' dir='ltr'><strong>Pacem</strong></span> <span class='ocrx_word' id='word_1_171' title='bbox 899 1107 1050 1151; x_wconf 80' lang='lat' dir='ltr'><strong>precibus</strong></span> <span class='ocrx_word' id='word_1_172' title='bbox 1067 1115 1281 1151; x_wconf 77' lang='lat' dir='ltr'><strong>exsposcunt,</strong></span> 
     </span>
     <span class='ocr_line' id='line_1_33' title="bbox 700 1155 1284 1199; baseline -0.002 -11"><span class='ocrx_word' id='word_1_173' title='bbox 700 1157 749 1189; x_wconf 81' lang='lat' dir='ltr'><strong>uti</strong></span> <span class='ocrx_word' id='word_1_174' title='bbox 765 1158 886 1189; x_wconf 84' lang='lat' dir='ltr'><strong>volens</strong></span> <span class='ocrx_word' id='word_1_175' title='bbox 893 1155 1074 1199; x_wconf 82' lang='lat' dir='ltr'><strong>propitius,</strong></span> <span class='ocrx_word' id='word_1_176' title='bbox 1094 1167 1189 1188; x_wconf 82' lang='lat' dir='ltr'><strong>suam</strong></span> <span class='ocrx_word' id='word_1_177' title='bbox 1202 1167 1284 1188; x_wconf 81' lang='lat' dir='ltr'><strong>sem-</strong></span> 
     </span>
     <span class='ocr_line' id='line_1_34' title="bbox 693 1203 1280 1248; baseline 0 -13"><span class='ocrx_word' id='word_1_178' title='bbox 693 1215 756 1248; x_wconf 86' lang='lat' dir='ltr'><strong>per</strong></span> <span class='ocrx_word' id='word_1_179' title='bbox 778 1203 912 1246; x_wconf 76' lang='lat' dir='ltr'><strong>sospitet</strong></span> <span class='ocrx_word' id='word_1_180' title='bbox 927 1203 1145 1248; x_wconf 74' lang='lat' dir='ltr'><strong>progem‘em3</strong></span> <span class='ocrx_word' id='word_1_181' title='bbox 1159 1204 1230 1236; x_wconf 82' lang='lat' dir='ltr'><strong>Liv.</strong></span> <span class='ocrx_word' id='word_1_182' title='bbox 1247 1204 1280 1244; x_wconf 89' lang='lat'><strong>1,</strong></span> 
     </span>
     <span class='ocr_line' id='line_1_35' title="bbox 704 1251 981 1292; baseline 0.004 -9"><span class='ocrx_word' id='word_1_183' title='bbox 704 1251 758 1292; x_wconf 83' lang='lat'><strong>16,</strong></span> <span class='ocrx_word' id='word_1_184' title='bbox 772 1251 812 1284; x_wconf 90' lang='lat' dir='ltr'><strong>de</strong></span> <span class='ocrx_word' id='word_1_185' title='bbox 825 1251 981 1285; x_wconf 78' lang='lat' dir='ltr'><strong>Romulo.</strong></span> 
     </span>
    </p>
   </div>
  </div>
 </body>
</html>
