1456 2508
210 129 269 168 198

600 133 641 170 Q.
667 130 850 162 HORATII
873 133 1024 164 FLACCI

365 190 508 224 Metata
526 189 682 238 privatis
702 182 859 239 opacam
1076 216 1085 224 ·
1371 199 1398 222 1⁵

420 247 592 284 Porticus
610 248 824 298 excipiebat
842 252 999 287 Arcton.
1218 273 1223 278 ·
1245 271 1260 290 s

314 309 394 342 Nec
412 307 610 343 fortuitum
628 320 805 357 spernere
824 310 1004 359 cespitem
1028 312 1041 333 ⁷

317 367 435 414 Leges
455 365 648 412 sinebant;
669 366 810 416 oppida
827 367 980 417 publico

370 427 530 474 Sumptu
544 425 739 475 jubenteS,
757 435 794 463 et
813 426 972 464 deorum

421 486 577 535 Templa
596 499 696 524 novo
712 486 892 524 decorare
911 499 1014 525 saxo.

222 615 362 646 tudinem
393 625 536 656 porrecta
559 617 644 659 (une
667 618 785 659 perche

215 663 254 691 cle
272 661 329 692 dix
337 661 461 703 pleds).
480 665 623 694 Porticus
634 687 642 702 ,
657 675 723 695 non
737 666 785 695 in-

216 708 383 749 telligenda
399 716 435 738 ut
448 710 632 740 universum
649 711 785 741 vestibu-

216 755 284 784 lum
295 777 304 792 ,
316 755 423 784 multis
437 755 614 796 porticibus
624 763 782 794 constans,

216 801 272 830 sed
285 807 320 830 ut
333 811 396 830 una
409 812 544 842 quaeque
558 803 664 832 arcula
673 803 686 844 (
696 813 784 832 arca-

216 846 280 887 de),
290 857 362 887 quae
374 847 464 877 alteri
471 855 502 878 et
513 848 603 878 alteri
613 849 727 879 arcula
737 849 783 877 vi-

217 894 297 924 ciuae
310 892 457 931 adjuncta
468 917 477 931 ‚
492 895 679 924 anteriorem
690 893 783 924 aedifi-

216 940 258 970 cii
272 946 392 980 partem
407 939 614 983 (Iafhfade)
628 947 760 970 exornat
773 963 782 978 ,

215 985 322 1026 quales
336 985 432 1015 hodi&
445 985 636 1016 admiramur
650 987 782 1023 Parisiis,

215 1032 251 1061 in
278 1030 346 1069 via,
367 1031 464 1071 vulgo
491 1031 592 1070 dicta,
614 1032 659 1074 de
672 1031 783 1062 Rc'voli.

216 1079 368 1118 Suppone
386 1078 559 1118 unicuique
575 1078 661 1108 arcui
680 1078 785 1108 latitu-

216 1122 325 1153 dinem
345 1123 613 1164 decempedalem‚
636 1131 668 1154 et
692 1124 785 1154 hahe-

215 1169 265 1199 bis
305 1166 548 1211 magnificentiae
596 1171 781 1211 imaginem,

214 1225 326 1255 quam,
340 1223 376 1245 ut
392 1217 522 1246 nimiam
535 1218 568 1246 in
579 1217 786 1257 privatisaedi-

214 1261 353 1299 busjure
363 1263 466 1303 arguit
478 1269 573 1292 vates.
588 1261 692 1299 Nune,
708 1263 786 1302 quid

213 1307 255 1337 sit
279 1308 419 1347 porticus
448 1315 560 1338 metata
586 1307 784 1349 decempedis

212 1352 303 1383 facile
338 1353 474 1395 intelligi
504 1361 618 1395 potest.
658 1356 784 1385 Mecata

213 1398 299 1428 enim
311 1401 435 1440 passivo
447 1411 540 1430 sensu
550 1399 705 1442 significat
713 1412 785 1442 por-

216 1445 297 1475 tiens
311 1447 402 1484 cujus
417 1453 527 1481 metae,
550 1448 615 1477 sive
635 1454 783 1477 extremae

213 1497 318 1533 partes
345 1492 544 1532 decempedis
573 1494 657 1523 inter
687 1504 719 1523 se
741 1504 784 1523 se-

214 1544 382 1577 parantur,
400 1537 433 1567 id
446 1545 510 1576 est,
527 1539 662 1579 pedibus
674 1539 782 1570 decem

213 1584 298 1612 inter
327 1594 360 1613 se
392 1583 518 1614 distant.
554 1585 783 1626 Novempedali

214 1628 370 1660 duntaxat
405 1631 571 1661 intervallo
598 1633 782 1672 aperiuntur

214 1676 273 1705 viae
289 1675 480 1706 Rivoliensis
493 1677 645 1716 porticus.
659 1695 706 1700 —
717 1678 782 1707 Pri-

214 1720 292 1751 vatis
306 1732 318 1751 .·
335 1729 439 1762 potest
470 1733 528 1763 per
554 1724 781 1765 metonymiam

214 1767 324 1797 referri
342 1766 385 1810 τῲ
402 1768 600 1808 decempedis
611 1781 624 1805 ;
641 1771 667 1798 si
686 1777 780 1810 tropo

213 1812 368 1843 abstineas
378 1835 386 1850 ,
403 1813 442 1844 de
449 1813 582 1854 privatis
595 1815 780 1846 hominibus

213 1859 368 1901 intellige,
385 1866 416 1890 et
427 1871 511 1901 pone
523 1861 558 1891 in
573 1860 679 1891 dativo
694 1872 779 1893 casu.

212 1921 259 1928 -
278 1905 422 1946 Opacam
439 1906 621 1948 excipiebat
636 1909 755 1938 Arcton
767 1919 778 1938 :

838 619 877 649 ad
909 619 1162 660 Septentrionem
1196 628 1285 649 versa
1316 625 1400 655 erat,

837 665 876 695 ad
902 666 1002 706 frigus
1032 664 1240 706 captandum,
1259 675 1329 706 quae
1352 675 1400 694 res

837 712 1007 752 voluptatis
1047 721 1196 750 summae,
1230 710 1402 752 praesertim

836 768 892 798 per
915 763 1070 794 aestatem,
1084 758 1118 786 in
1139 755 1238 788 Italia.
1259 758 1402 797 Opacam

836 803 912 833 dicit
942 804 1082 839 Arcton,
1114 802 1201 843 qubd
1230 803 1300 833 loca
1331 805 1405 842 Sep-

836 850 1028 880 tentrionem
1067 850 1258 890 spectantia,
1283 848 1404 878 lumine

836 896 910 925 solis
931 901 1056 932 carent,
1072 902 1104 925 et
1122 895 1194 926 ideo
1223 905 1327 935 opaca
1353 893 1403 924 vel

837 941 985 971 umbrosa
1018 940 1082 971 dici
1107 949 1259 982 possunt,
1287 940 1404 981 epithe-

838 994 895 1017 ton
920 987 958 1016 ab
985 986 1101 1017 effectu
1124 986 1164 1016 ad
1188 997 1331 1024 causam,
1345 997 1402 1016 no-

837 1031 953 1063 tissima
968 1031 1070 1074 figur&
1081 1055 1089 1070 ,
1106 1032 1302 1064 transfertur.

887 1089 917 1117 7.
945 1079 1116 1109 Foreuicum
1141 1089 1287 1120 spernere
1303 1078 1403 1119 cespi-

838 1132 900 1156 tem
915 1136 928 1155 .·
953 1125 1131 1167 vulgarem,
1147 1127 1183 1156 in
1206 1135 1300 1167 quem
1320 1125 1403 1155 forte

836 1171 1024 1209 incidimus,
1036 1171 1156 1212 ubique
1169 1171 1311 1203 obvium.
1327 1172 1404 1212 Agit

838 1217 889 1248 hic
911 1219 1026 1249 Noster
1046 1228 1114 1248 non
1138 1218 1178 1248 de
1198 1217 1332 1258 cespite,
1352 1216 1402 1248 vel

838 1266 996 1305 gramine,
1012 1264 1047 1293 in
1065 1274 1129 1304 quo
1153 1264 1307 1294 recubans
1330 1265 1401 1304 quis

837 1321 983 1340 somnum
997 1317 1136 1350 quaerat3
1151 1310 1205 1340 sed
1216 1309 1256 1340 de
1268 1309 1324 1340 illo
1339 1320 1401 1339 ces-

835 1358 900 1396 pite
911 1379 920 1394 ,
934 1366 998 1396 quo
1009 1377 1017 1392 ‚
1034 1363 1183 1387 nascente
1195 1367 1228 1387 re
1242 1355 1382 1388 Romana
1393 1378 1401 1392 ‚

836 1402 970 1432 humiles
986 1403 1105 1432 civium
1126 1403 1240 1433 casula:
1253 1411 1397 1442 congere-

837 1448 972 1486 bantur3
989 1447 1100 1479 eodem
1115 1459 1209 1480 sensu
1229 1459 1294 1490 quo
1312 1449 1400 1490 Virg.

835 1495 903 1525 Ecl.
932 1497 947 1524 Ι
961 1517 969 1532 ,
991 1494 1033 1534 69
1051 1504 1059 1525 :
1081 1494 1234 1535 Pauperis
1249 1502 1282 1526 et
1298 1492 1408 1536 tugurf

836 1547 1017 1582 congestum
1038 1540 1154 1580 cespite
1173 1541 1308 1571 culmen.
1323 1543 1399 1571 Sen-

835 1597 888 1616 sus
908 1587 1008 1627 liquet
1029 1586 1046 1616 e
1068 1588 1269 1627 sequentium
1287 1586 1399 1617 verbo-

835 1643 907 1662 rum
937 1633 1147 1672 oppositione.
1177 1650 1217 1656 -—
1244 1632 1371 1673 Oppida
1389 1644 1400 1661 :

835 1679 962 1718 proprie
976 1677 1064 1708 urbis
1078 1680 1274 1709 munimenta
1283 1701 1292 1716 ,
1302 1689 1398 1716 arces,

834 1735 952 1755 muros.
973 1723 1131 1764 Oppidum
1141 1747 1150 1760 ,
1167 1725 1271 1766 iuquit
1283 1726 1398 1761 Varro,

833 1771 872 1800 ab
895 1781 954 1810 ope
978 1769 1163 1807 deducitur,
1182 1770 1270 1811 qubd
1294 1772 1397 1803 muni-

834 1822 886 1846 tur
909 1817 977 1857 opis
999 1815 1101 1847 causi.
1115 1833 1162 1840 -—-
1178 1818 1266 1847 Novo
1287 1827 1370 1846 saxo
1385 1827 1397 1846 .·

832 1862 941 1893 recens
954 1863 1058 1892 exciso
1069 1885 1078 1898 ‚
1091 1863 1184 1893 unice
1198 1862 1237 1893 ad
1251 1863 1312 1893 hoc
1325 1873 1398 1892 con-

831 1908 936 1939 silium
953 1909 969 1939 ὀ
987 1915 1076 1940 terrae
1097 1909 1267 1941 visceribus
1284 1916 1384 1940 eruto.

1442 0 1456 33 νῦ
