1404 2482
183 116 247 146 316

575 119 615 157 Q.
641 116 823 147 nonna
849 116 1000 147 FLAcct

389 177 480 211 Ciun
504 175 655 224 perjura
676 173 794 223 patris
815 173 909 211 fides
929 174 956 198 ¹³

286 237 506 271 Consortcm
523 234 666 270 socium
686 233 805 278 fallat,
822 241 858 269 et
875 233 1083 284 hospitem3
1337 245 1370 267 ‹30

390 293 625 342 Indignoquc
644 293 841 342 pecuniam

286 355 438 392 Haeredi
458 363 649 404 properet.
669 354 818 390 Scilicet
836 354 1020 404 improbae

390 417 570 451 Crescunt
586 413 728 450 divitiae
744 427 754 459 ;
776 415 901 450 tamen

286 477 412 511 Curtae
432 474 562 510 nescio
582 472 675 522 quid
694 485 842 522 semper
862 472 967 510 abest
983 473 1050 510 rei.

181 599 253 629 satis
266 599 426 628 manifeste
448 597 596 628 ostendit.
610 597 748 629 Probro-

182 655 250 674 sum
281 646 375 674 etiam
408 644 502 674 fuisse
529 645 604 674 aleae
626 644 748 680 lusum,

179 691 244 722 hoc
273 701 402 731 quoque
419 697 561 727 testatur,
581 689 668 730 quod
689 691 751 720 De·

182 737 302 766 ceinbri
318 735 440 766 tantiim
462 746 586 772 mense,
602 737 749 766 Saturna-

181 783 266 814 libus
310 782 463 818 maxime,
491 781 746 822 permittebatur.

184 829 307 860 Addam
339 829 431 859 etiam
464 828 503 857 ad
528 828 644 858 AEdiles
663 837 750 867 spee-

184 882 261 905 tasse
280 885 346 904 eam
360 875 594 905 coercitionem.
609 873 750 904 Alciatus

183 931 312 962 quoque
339 923 503 961 Parergon
530 920 586 950 lib.
614 920 634 948 6
654 919 750 949 Tala-

182 967 264 996 riam
289 964 463 1007 antiquitils
490 972 633 996 vocatam
649 965 751 1006 legem

181 1019 342 1048 autumat,
361 1012 400 1041 ad
415 1022 509 1052 quam
524 1012 586 1041 hoc
600 1011 673 1041 loco
687 1022 749 1041 res-

183 1060 306 1100 pexerit
315 1059 472 1088 Horatius.
487 1058 575 1087 Aleae
589 1057 678 1086 lusus
692 1067 750 1098 pu-

185 1105 332 1135 niebatur
340 1104 409 1144 lege
419 1102 564 1134 Cornelia
575 1110 605 1132 et
618 1103 685 1144 lege
692 1105 748 1133 Ta-

185 1150 237 1181 tia.

234 1198 285 1226 13.
305 1196 382 1226 Ciam
392 1194 522 1236 perjura
535 1194 637 1236 patris
643 1194 748 1237 fides:

183 1241 261 1272 dilm
276 1241 362 1271 filius
385 1241 523 1282 indignis
547 1248 576 1270 et
594 1242 661 1270 sine
688 1240 746 1270 du-

182 1289 238 1319 bio
251 1287 421 1329 puniendis
440 1287 563 1316 lusibus
584 1286 746 1327 indulget,

182 1342 288 1376 pater,
317 1344 384 1363 non
413 1343 470 1373 per
499 1332 630 1363 modum
659 1332 748 1369 ludi,

183 1381 236 1411 sed
260 1379 445 1421 pejerando,
474 1379 529 1409 sed
550 1377 646 1407 fidem
675 1377 748 1418 erga

181 1433 361 1457 consortem
377 1425 576 1461 commercii,
593 1423 646 1453 sed
664 1434 750 1454 sanc-

180 1474 297 1503 tissima
321 1471 453 1512 hospitii
477 1472 549 1509 jura
581 1470 748 1505 violando,

183 1520 288 1560 legum
326 1518 535 1556 majestatem,
560 1526 749 1556 morumque

179 1565 396 1595 innocentiam
412 1563 568 1603 infringit.
579 1580 625 1585 —-
635 1562 748 1603 Indig-

182 1622 223 1641 no
246 1610 367 1640 kaeredi
388 1620 399 1639 .·
420 1610 503 1638 inter
526 1609 616 1646 cujus
637 1618 749 1637 manus

183 1656 263 1687 male
285 1662 376 1697 parta
405 1655 486 1684 male
511 1654 751 1684 &labentum—-

178 1702 354 1733 Pecuniam
374 1707 542 1741 properet:
558 1701 603 1730 sic
628 1706 659 1729 et
688 1701 709 1730 J
713 1711 747 1729 u-

180 1748 282 1779 venal.
301 1749 390 1786 xlv,
412 1757 470 1786 177
491 1748 593 1787 :Quae
611 1756 749 1776 reveren-

801 597 847 628 tia
869 597 993 638 legum,
1016 597 1092 639 Quis
1113 606 1211 629 metus
1234 607 1290 630 auc
1307 611 1368 641 pn-

802 643 861 673 dor
869 650 913 673 esc
927 645 1064 685 unquc‘zm
1074 645 1276 686 properantis
1289 657 1367 676 ava-

802 689 831 719 ri
840 693 857 719 Ρ
881 689 1005 720 Probus
1028 691 1112 720 enim
1146 692 1367 732 paterfamilias

801 734 886 765 lenta
905 742 939 765 et
954 735 1111 767 laboriosa
1129 737 1282 768 industria
1303 738 1367 768 hae-

803 781 871 811 redi
905 792 963 811 suo
993 783 1159 822 pecuniam
1188 791 1366 824 comparat;

802 827 900 857 homo
920 827 1028 858 avidus
1042 835 1073 859 et
1090 829 1179 859 malae
1194 828 1270 859 fidei
1286 830 1367 860 nihil

802 883 869 903 non
900 873 1090 904 intentatum
1132 875 1283 916 relinquit
1293 899 1302 914 ,
1331 882 1369 905 ut

803 917 898 958 qnam
913 919 1099 951 brevissimo
1117 914 1258 962 tempore
1269 944 1278 960 ‚
1293 922 1367 952 arti-

803 964 864 994 bus
878 965 929 994 vel
941 965 1164 997 scelestissimis
1178 968 1309 1006 injustas
1324 967 1369 997 di-

804 1011 893 1040 vitias
910 1018 1084 1043 coacervet.
1094 1029 1141 1035 —
1155 1012 1310 1053 Improba·
1325 1013 1369 1043 di-

802 1055 884 1086 vitioe
893 1067 904 1086 :
912 1057 971 1095 vel,
981 1057 1055 1098 quiin
1064 1057 1172 1099 iniqua
1181 1058 1231 1089 vii
1244 1069 1369 1100 compa-

802 1109 876 1133 ratae
882 1109 972 1140 sunt;
985 1102 1034 1133 vel
1046 1103 1130 1144 quia,
1141 1105 1370 1145 quoquomodo

801 1155 1007 1189 comparatae,
1027 1160 1237 1190 possessorem
1264 1151 1372 1181 sceles-

800 1195 914 1224 tiorem
929 1194 1083 1226 efficiunt.
1092 1213 1138 1218 —-
1150 1196 1252 1226 Cureae
1265 1196 1371 1227 nescio

800 1239 880 1280 quid
887 1251 1011 1281 semper
1021 1241 1108 1272 abest
1120 1242 1182 1272 rei:
1191 1243 1370 1283 exquisitis-

800 1286 888 1323 sime,
899 1286 1003 1316 nescio
1013 1286 1092 1327 quid
1095 1299 1108 1323 ;
1120 1286 1192 1317 nium
1208 1289 1371 1328 quomodo

799 1330 925 1362 definiri
935 1339 1040 1372 posset
1048 1333 1164 1373 quibus
1173 1333 1291 1374 opulen
1296 1335 1372 1365 tissi-

801 1379 845 1407 mi
857 1378 903 1407 illi
917 1378 1059 1408 homines
1073 1377 1177 1409 adhtm
1188 1381 1317 1420 egeant?
1325 1382 1370 1412 Ea

804 1430 906 1454 tamen
929 1430 976 1454 est
999 1434 1111 1454 eorum
1131 1425 1316 1456 insatiabilis
1340 1434 1372 1456 et

802 1469 968 1509 uunquam
985 1470 1108 1510 expleta
1123 1470 1297 1512 cupiditas,
1314 1479 1350 1502 nt
1360 1495 1370 1510 ,

803 1516 962 1545 immensis
978 1516 1094 1556 opibus
1108 1516 1273 1558 nunquam
1291 1527 1368 1548 con-

802 1562 897 1598 tenti,
917 1571 1039 1602 semper
1059 1562 1178 1600 majora
1197 1570 1363 1604 appetant,

802 1615 832 1638 et
846 1608 921 1647 ipsis
935 1618 982 1637 res
995 1618 1050 1638 sua
1068 1608 1161 1638 nimis
1174 1617 1280 1646 curta,
1302 1619 1370 1640 non

801 1653 872 1683 satis
903 1653 1005 1693 ampla
1014 1675 1023 1691 ,
1033 1652 1188 1686 videatur.
1215 1654 1314 1692 Nam,
1333 1662 1370 1685 ut

801 1698 913 1740 supra,
935 1698 996 1730 Od.
1018 1701 1086 1737 111,
1109 1700 1167 1738 16,
1187 1700 1370 1737 aazMuIta

797 1744 978 1785 petentibus
987 1767 997 1782 ,
1019 1747 1146 1777 Desunt
1162 1746 1274 1780 multa.
