1416 2508
154 159 230 183 vm
622 148 898 184 PRAEFATIO.

155 223 310 265 scilicet
336 224 603 280 imperatoris
628 225 880 280 potentiam,
910 222 964 264 ad
986 222 1139 265 civium
1166 238 1342 266 suorum

153 289 391 331 felicitatem
401 289 500 331 totis
510 301 689 346 praestan
695 290 839 331 tissimi
850 289 1008 346 ingenii
1015 288 1174 330 viribus
1180 299 1343 331 vertere

153 365 330 396 conatus
345 366 418 396 est.
431 355 540 396 Eum
550 353 605 394 ad
618 354 881 408 abolendam,
897 354 982 395 suis
999 354 1110 396 bene
1127 353 1321 395 faciendo
1331 386 1342 406 ,

151 421 388 462 Octavianae
398 420 630 472 juventutis
639 420 896 471 memoriam,
905 427 1118 460 maturum
1130 435 1344 461 securum-

150 501 234 543 que
247 486 461 543 impellere
477 488 697 542 nunquam
719 484 889 526 destitit.
906 486 1010 539 Quis
1034 485 1174 527 dicere
1191 497 1340 543 queat,

150 550 357 608 quantum
368 551 544 592 laudum
559 551 723 592 illarum
735 582 746 604 ,
759 565 851 606 quae
866 551 909 592 in
921 553 1111 593 omnium
1127 567 1201 594 ore
1210 567 1344 595 versa-

147 617 318 670 bantur,
348 617 524 659 stimulis
547 618 749 658 excitatus
772 618 1021 674 imperator,
1042 617 1096 658 ad
1125 633 1192 660 eas
1221 619 1341 661 factis

149 682 449 740 promerendas
475 682 683 724 adductus
711 684 865 725 fuerit!
894 686 953 725 Ut
976 684 1106 742 igitur
1137 685 1211 741 qui
1231 685 1339 726 mala

147 749 315 802 suadet,
330 749 538 790 malorum
561 749 756 790 conscius
777 751 873 802 jure
898 765 947 791 ac
963 751 1112 792 meritb
1137 761 1341 807 reputan—

147 813 226 856 dus
241 826 319 869 est,
336 815 394 856 sic
413 815 456 856 in
472 827 635 872 partem
653 815 868 858 bonorum
883 818 995 858 recte
1013 817 1127 858 venit
1139 817 1238 872 qui,
1257 817 1342 859 sive

146 881 419 937 eloquentiae,
439 893 486 923 ut
502 882 692 935 Tullius,
709 883 794 924 sive
819 897 1015 939 poeseos,
1041 893 1091 923 ut
1109 894 1223 925 vates
1240 898 1341 925 nos-

147 956 232 1000 ter,
257 946 448 1004 pondere
481 959 524 989 et
551 949 774 1005 gravitate,
811 963 899 990 non
934 949 1054 990 aliam
1085 949 1141 990 ob
1175 965 1342 991 causam

147 1013 360 1068 potestati,
380 1013 628 1070 splendidus
643 1024 888 1066 assentator,
904 1014 1143 1067 famulatur,
1156 1018 1282 1070 quam
1295 1026 1345 1056 ut

147 1093 240 1119 eam
265 1078 427 1136 gloriae,
443 1080 635 1132 justitiae,
659 1079 908 1132 clementiae,
929 1081 1142 1122 honestati
1159 1080 1340 1138 denique

149 1149 190 1184 e't
215 1143 394 1199 publieae
421 1146 707 1201 prosperitati,
734 1145 1017 1187 indissolubili
1045 1145 1341 1188 nodoastrin·

149 1220 230 1266 gat.
245 1209 501 1267 Vituperent
520 1211 717 1252 Flaccum
731 1244 742 1264 ,
758 1212 830 1268 qui
851 1211 1112 1253 nobilissimo
1131 1212 1316 1263 Dejotari
1328 1244 1338 1264 ,

147 1275 360 1328 Marcelli,
394 1277 547 1333 Ligarii
582 1289 763 1333 patrono
802 1278 1047 1330 injuriosam
1087 1276 1339 1319 adulationis

146 1341 283 1382 labem
298 1342 468 1383 inurere
485 1344 574 1384 ausi
593 1343 751 1384 fuerint
769 1346 777 1385 !

204 1407 365 1466 Rigidae
380 1409 591 1451 interdum
611 1411 889 1469 philosophiae
905 1427 1029 1469 rugas
1050 1412 1227 1468 explicat
1251 1413 1339 1454 Ho-

148 1475 295 1527 ratius,
315 1490 453 1532 neque
476 1478 641 1533 semper
660 1477 703 1518 in
724 1479 900 1535 egregiis
923 1479 1023 1519 artis
1042 1477 1224 1535 politicae
1242 1494 1339 1520 con-

149 1541 248 1582 siliis
264 1552 465 1582 moratur.
485 1543 695 1584 Bacchum
712 1543 823 1584 inter
840 1555 882 1584 ct
900 1544 1108 1601 ingenuos
1135 1546 1314 1587 Amores
1329 1579 1339 1599 ,

147 1608 271 1649 Musa
287 1610 374 1659 ejus
394 1608 538 1650 festiva
556 1608 665 1650 ludit
684 1620 724 1650 et
749 1610 790 1650 in
799 1625 977 1662 nocens5
998 1610 1040 1650 in
1057 1625 1108 1651 eo
1123 1611 1341 1654 Socratem

149 1683 189 1714 et
199 1673 512 1714 Anacreontem
521 1674 768 1716 reviviscere
783 1675 893 1716 liben
901 1677 962 1716 ter
976 1675 1219 1717 credideris.
1229 1678 1338 1719 Nam

149 1753 198 1779 ea
218 1747 280 1778 est
297 1738 410 1795 apud
432 1738 549 1779 illum
570 1740 741 1796 propria
761 1739 971 1792 ejusmodi
994 1741 1228 1783 carminum
1253 1742 1338 1783 vir-

148 1816 238 1856 tus,
266 1815 315 1845 ut
350 1804 438 1846 fere
471 1808 691 1861 nunquam
719 1805 947 1848 immodica
979 1805 1187 1848 hilaritate
1218 1807 1339 1850 lasci—

147 1870 281 1922 viant,
306 1869 381 1911 sed
405 1872 428 1911 ὲ
457 1873 607 1911 contra
624 1871 717 1912 utili
734 1871 1132 1928 philosophicorum
1153 1888 1339 1932 praecep-

149 1935 292 1977 torum
319 1935 591 1977 condimento
611 1936 760 1993 saepius
780 1947 1082 1994 temperentur.
1107 1937 1341 1980 Minervam

148 2000 310 2057 primus
328 2000 619 2042 inter'veteres
646 2002 804 2043 Veneri
824 2002 1081 2054 conciliavit3
1102 2001 1205 2044 dum
1230 2005 1342 2045 canit

147 2068 260 2108 inter
281 2067 446 2124 epulas,
462 2067 552 2124 ipse
575 2067 756 2109 convivii
780 2069 974 2125 magister
993 2069 1166 2122 assidet,
1185 2069 1340 2110 amicos

148 2132 327 2174 delectat
351 2134 399 2175 vet
434 2144 603 2187 monet,
637 2133 786 2177 laetitiae
820 2133 942 2176 dator
973 2133 1098 2176 simul
1128 2145 1170 2176 et
1195 2149 1341 2176 suasor

148 2198 373 2256 sapientioe.
