1456 2508
206 159 270 190 282

597 162 638 204 Q.
663 160 846 195 nomm
870 159 1022 197 nicet

311 215 462 254 Eximet
479 230 606 265 curas3
629 231 700 268 ego
717 232 788 256 nec
811 221 1016 258 tumultum
1030 247 1041 267 ,

317 277 397 313 Nec
415 275 512 312 mori
531 289 600 327 per
619 277 696 314 vim
715 286 900 326 metuam,
916 286 1068 318 tenente
1138 291 1140 293 ’
1267 274 1270 275 ’
1379 285 1418 331 ’ὅρ

556 338 701 374 Caesare
721 345 852 376 terras.

320 396 339 431 1
352 422 362 441 ‚
384 402 470 444 pete
485 405 736 445 unguentum,
753 410 851 449 puer
871 398 907 445 4,
924 405 961 435 et
976 409 1155 444 coronas,

323 454 370 490 Et
386 453 522 491 cadum
537 456 656 493 Marsi
671 469 878 494 memorem
895 455 1035 502 duelli,

325 514 549 562 Spartacum
567 514 599 551 si
617 519 693 565 qua
709 517 835 566 potuit
856 524 1056 567 vagantem

562 575 705 613 Fallere
725 584 831 613 testa.

1383 590 1415 607 20

327 633 398 670 Dic
417 642 454 670 et
473 643 616 684 argutae
634 645 814 686 properet
832 639 978 674 Neaerae
997 635 1011 658 ⁵

326 695 523 743 Myrreum
539 695 641 732 nodo
662 696 847 734 cohibere
869 697 1038 743 crinem3

331 754 370 792 Si
385 767 454 805 per
472 754 635 792 invisum
651 768 759 793 mora.
772 757 976 807 janitorem

564 815 666 863 Fiet,
687 816 804 854 abito.
851 858 856 862 ,

329 873 440 911 Lenit
459 872 649 913 albescens
669 876 812 913 animos
828 876 984 926 capillus
1001 875 1018 912 ⁶.
1383 883 1414 907 ²⁵

329 932 471 970 Litium
491 942 527 970 et
546 934 638 971 rixae
657 935 815 987 cupidos
834 943 1035 986 protervae.

228 1106 318 1130 vatus
339 1099 476 1140 publicae
493 1101 610 1131 laetitiae
625 1101 794 1132 domestica

228 1146 425 1177 solemnitate
454 1147 606 1178 interesse
618 1148 706 1178 velit.
721 1149 797 1180 Non

228 1191 293 1231 jam
310 1192 423 1223 metuit
434 1193 600 1224 tumultum
610 1217 619 1233 ‚
635 1193 668 1225 id
683 1200 748 1232 est,
758 1195 798 1225 ci-

231 1238 308 1269 viles
322 1238 548 1277 dissensiones3
559 1250 619 1270 nec
634 1239 704 1270 vim
713 1263 722 1276 ,
739 1251 799 1270 nec

229 1285 350 1315 bellum
366 1292 546 1317 externum.
564 1287 684 1317 Caesare
699 1287 799 1317 victo-

230 1341 263 1361 re
286 1337 317 1362 et
338 1330 469 1369 reduce,
493 1342 621 1363 securos
642 1331 706 1373 jam
734 1332 800 1363 dies

231 1384 357 1408 acturus
371 1384 428 1409 est.

278 1429 310 1460 4.
334 1425 368 1460 1,
377 1431 455 1464 pete
467 1432 659 1466 ung-uentum
670 1447 679 1461 ‚
692 1435 777 1465 puer
790 1436 801 1455 .-

229 1478 287 1511 per
319 1469 458 1501 vividam
495 1470 725 1512 apostrophen,
762 1471 801 1501 ad

228 1526 358 1547 servum
371 1526 465 1547 suum
478 1518 655 1547 orationem
669 1527 802 1547 conver-

231 1563 287 1600 tit,
319 1562 408 1603 quasi
439 1564 606 1604 impatiens
630 1573 737 1594 morae.
754 1578 801 1587 --

235 1608 359 1640 cadum
374 1609 480 1639 Marsi
493 1619 663 1639 memorem
678 1608 778 1639 duelli
788 1620 800 1639 .·

231 1653 351 1690 Marsi,
368 1665 428 1695 pro
439 1675 448 1693 ,
467 1655 605 1686 Marsici.
623 1655 703 1686 Belli
715 1656 801 1685 Mar-

230 1701 288 1731 sici
301 1702 392 1742 origo
406 1701 474 1731 haec
486 1700 558 1732 fuit.
574 1701 672 1731 Italiae
688 1701 801 1742 populi

231 1745 380 1787 quidam,
416 1747 496 1778 socii
519 1749 736 1778 Romanorum
765 1757 801 1777 ac

233 1792 376 1823 foederati
386 1814 395 1830 ,
424 1803 505 1834 quos
535 1794 619 1823 inter
648 1793 802 1835 praecipui

233 1845 322 1870 erant
343 1839 462 1877 Marsi,
476 1840 631 1880 petierant
649 1841 700 1878 jus
722 1840 796 1870 civi-

233 1886 324 1923 tatis,
345 1884 442 1925 idque
462 1885 538 1925 ipsis
561 1884 579 1915 a
598 1886 705 1916 Druso
726 1896 800 1926 pro-

233 1931 366 1962 missum
377 1931 495 1968 fueram
508 1930 562 1961 sed
576 1929 650 1961 ciam
664 1931 802 1962 subinde

233 1983 402 2019 negaretur
410 1999 420 2016 ‚
433 1977 496 2008 hoc
508 1977 554 2007 illi
567 1977 650 2018 aegre
667 1978 802 2008 ferentes

236 2033 322 2054 arma
342 2022 454 2067 cepere
481 2034 566 2054 auno
589 2025 630 2054 U.
659 2023 694 2055 C.
721 2024 799 2055 663.

234 2069 368 2101 Gestum
399 2069 490 2101 vario
521 2076 638 2100 eventu
662 2069 799 2108 bellum,

233 2115 270 2146 in
284 2126 350 2157 quo
364 2126 508 2158 magnam
525 2122 572 2146 est
585 2115 716 2156 adeptus
732 2116 801 2146 lau-

222 2161 304 2192 -dem
321 2162 380 2194 Cn.
390 2163 561 2204 Pompeius
570 2162 685 2194 Strabo
693 2184 701 2200 ,
712 2163 801 2204 Mag·

233 2208 268 2239 ui
283 2215 373 2249 pater
386 2220 397 2238 .·
410 2208 492 2239 illud
504 2207 632 2240 demum
645 2210 721 2239 Luc.
735 2208 802 2249 Syl-

231 2253 280 2295 la,
309 2265 393 2288 anno
421 2262 495 2298 post
522 2255 633 2294 tertio,
653 2255 798 2286 confecit.

848 1118 895 1126 --
908 1103 1083 1132 Memorem
1101 1111 1113 1131 .-
1130 1111 1198 1132 mos
1215 1108 1282 1132 erat
1299 1104 1414 1134 Roma-

849 1149 899 1179 nis
915 1148 1089 1178 inscribere
1102 1148 1138 1178 in
1153 1148 1314 1189 amphorae
1328 1158 1418 1189 oper-

851 1194 942 1232 culo,
956 1194 992 1224 in
1007 1194 1123 1224 cortice
1135 1195 1206 1236 pice
1217 1194 1334 1233 oblito,
1350 1204 1416 1235 quo

851 1240 946 1271 cadus
956 1262 965 1279 ‚
980 1241 1046 1270 sive
1060 1240 1169 1282 lagena
1178 1240 1326 1271 obturata
1340 1246 1416 1278 erat,

852 1297 971 1317 nomen
987 1287 1155 1317 consulum
1172 1287 1233 1317 snb
1245 1286 1362 1327 quibus
1373 1287 1418 1317 vi-

851 1341 930 1363 num
937 1333 971 1362 in
978 1332 1160 1373 amphoram
1165 1332 1318 1363 diffusum
1326 1331 1419 1370 foret,

853 1385 885 1409 et
914 1379 949 1408 in
965 1378 1042 1408 cella
1073 1377 1314 1409 abditum—Si
1326 1377 1391 1419 qua
1405 1388 1415 1407 :

853 1425 880 1455 si
892 1424 956 1465 qua
972 1425 1092 1454 ratione
1106 1423 1176 1455 fieri
1190 1424 1298 1466 potuit
1309 1430 1346 1454 ut
1358 1430 1418 1455 etc.

852 1485 899 1494 -—
917 1471 1107 1511 Spartacum
1126 1481 1138 1500 :
1167 1472 1334 1511 Spartacus
1353 1469 1419 1512 gla-

853 1516 955 1546 diator
973 1516 1050 1555 fuit,
1065 1517 1239 1557 quitservis
1257 1523 1289 1548 et
1301 1515 1418 1558 gladia-

853 1562 977 1593 toribus
1002 1563 1037 1592 in
1063 1561 1291 1603 rempublicam
1311 1563 1419 1593 conci-

852 1610 943 1645 tatis,
962 1608 1076 1638 servile
1090 1607 1210 1638 bellum
1228 1609 1350 1646 movit3
1367 1618 1420 1639 an-

852 1664 896 1684 no
907 1655 948 1685 U.
969 1654 1005 1685 C.
1019 1654 1062 1684 68
1072 1664 1084 1684 1
1098 1676 1107 1692 ‚
1126 1653 1144 1684 ὰ
1158 1654 1269 1685 Crasso
1283 1661 1315 1685 et
1327 1657 1419 1686 Pom-

851 1701 944 1741 peio,
961 1699 1093 1731 biennio
1116 1706 1206 1741 post,
1229 1699 1350 1731 deletus
1374 1706 1420 1731 est

853 1755 927 1776 enm
940 1746 1014 1777 suis.

902 1792 932 1823 5.
958 1791 1019 1822 Dic
1054 1799 1087 1822 et
1116 1797 1238 1834 argutae
1267 1792 1393 1822 Neoeroe
1404 1801 1416 1822 .-

853 1848 932 1868 voce
956 1836 1071 1868 canora
1084 1837 1243 1879 praeditae,
1257 1843 1294 1868 ut
1311 1839 1345 1868 in
1362 1837 1419 1868 ino

853 1884 1051 1925 Virgilian03
1078 1883 1208 1926 argu'tos
1233 1882 1318 1916 inter
1341 1891 1419 1915 stre-

851 1940 928 1970 pere
942 1941 1040 1960 anser
1054 1930 1156 1960 olores
1165 1941 1180 1967 ;
1194 1929 1262 1961 Ecl.
1281 1931 1328 1962 lx
1338 1952 1347 1968 ‚
1364 1930 1418 1961 36.

854 1977 1061 2016 ——Myrneum
1075 1975 1195 2007 crinem
1213 1987 1225 2006 :
1239 1976 1342 2008 crines
1356 1976 1421 2007 bal-

853 2032 940 2053 samo
952 2023 1097 2064 myrrino
1119 2021 1289 2054 delibutos.
1304 2023 1422 2054 —Per

853 2067 982 2099 invisum
997 2068 1175 2111 janitorem
1194 2079 1206 2099 .-
1231 2075 1322 2099 notat
1348 2068 1420 2099 satis

853 2121 947 2157 poeta
961 2125 994 2145 sc
1009 2124 1076 2146 non
1090 2113 1188 2146 semel
1201 2114 1241 2145 ab
1261 2115 1323 2145 isto
1338 2115 1418 2154 jani-

855 2167 922 2192 tore
945 2162 1102 2202 repulsam
1124 2167 1292 2203 expertum
1313 2160 1418 2192 fuisse.

899 2208 932 2238 6.
952 2207 1125 2239 Albescens
1149 2206 1285 2248 capillus
1306 2218 1319 2237 .·
1346 2213 1418 2237 aetas

854 2260 992 2294 matura,
1010 2263 1082 2296 quae
1099 2253 1271 2295 iuvenilem
1293 2254 1419 2294 sangui—
