1404 2482
164 105 231 135 336

538 108 578 148 Q.
603 106 785 139 HORATII
808 109 958 142 FLACCI

320 164 493 201 Clamore
507 164 715 215 vicinaeque
734 166 848 215 sylvae
858 196 869 215 ,

369 227 463 262 Cum
482 225 561 262 fera
577 225 737 263 diluvies
757 227 905 276 quietos
1316 244 1349 270 40

263 284 392 321 Irritat
408 297 545 322 amnes.
567 285 634 321 Ille
648 286 781 334 potens
798 285 856 323 sui
875 294 915 334 ¹0,

263 346 465 393 Laetusque
487 343 614 393 deget,
634 344 697 381 cui
714 344 802 383 lieet
819 346 858 382 in
878 347 978 384 diem

314 403 463 440 Dixisse
482 417 490 439 ε
509 404 610 442 Vixi.
626 406 716 442 Cres
731 405 790 442 vel
805 408 888 444 atrei

362 463 474 501 Nube
494 465 622 513 polum
636 467 747 502 Pater
762 475 968 516 occupato,
1238 509 1242 512 ,

260 524 330 560 Vel
347 524 425 561 sole
442 537 561 575 pur03
580 538 657 562 non
676 527 801 562 tamen
819 526 971 564 irritum
1311 540 1342 570 4⁵

262 582 539 633 Quodcumque
555 583 659 620 retro
675 593 731 621 est
746 585 903 631 efficiet3
920 599 1043 637 neque

312 642 493 692 Disfinget
507 643 763 694 infectumque
781 644 915 683 reddet

362 702 476 748 Quod
490 703 635 753 fugiens
651 705 764 741 semel
780 705 874 743 hora
889 706 1002 745 vexit.

256 764 444 809 Fortuna,
461 776 561 800 saevo
580 763 664 800 laeta
679 765 832 814 negotio
850 773 891 812 ²²,
907 774 946 803 et

254 821 405 858 Ludum
422 822 644 859 insolentem
660 823 790 860 ludere
809 824 1002 873 pertinax,
1305 836 1336 860 ⁵0

306 882 546 918 Transmutat
563 882 727 919 incertos
743 881 906 920 honores

356 941 467 977 Nunc
482 940 575 978 mihi
585 969 595 988 ‚
610 943 710 978 nunc
725 941 788 978 alii
802 941 975 992 benigna.

254 998 386 1037 Laudo
404 1010 615 1039 manentem
634 1008 661 1023 ¹²
672 1015 682 1048 3
698 1001 729 1038 si
746 1002 885 1039 celeres
901 1002 1022 1052 quatit

147 1142 243 1175 sunt,
262 1135 359 1178 quem
381 1146 492 1167 cursus
520 1136 612 1167 fluvii
639 1137 714 1178 qni,

145 1182 242 1213 modo
271 1182 392 1224 placide
426 1183 602 1222 delabitur,
617 1183 714 1214 modo

144 1229 283 1271 graviter
303 1229 537 1266 intumescens,
553 1236 585 1259 et
607 1230 714 1260 omnia

143 1285 252 1306 secum
274 1276 416 1316 rapiens,
432 1286 547 1317 magno
566 1286 640 1305 cum
658 1276 716 1305 fra-

143 1331 219 1364 gore
234 1321 335 1352 undas
350 1321 505 1353 devolvit.

191 1377 244 1400 10.
259 1368 322 1399 Ille
337 1375 450 1408 potens
462 1379 510 1403 ξω
528 1378 540 1397 .·
558 1367 712 1408 eupidita-

142 1413 230 1445 tibus
254 1414 340 1452 suis,
356 1420 388 1444 et
411 1414 582 1445 timoribus
607 1415 711 1445 inani-

142 1459 204 1490 bus
215 1483 224 1499 ,
239 1467 278 1491 ut
292 1461 398 1491 virum
415 1461 587 1502 sapientem
600 1459 690 1490 decet
701 1482 710 1498 ‚

141 1506 311 1548 imperans.
334 1523 382 1530 —
406 1509 573 1548 La’tusque
587 1516 599 1535 .·
622 1507 710 1536 nulla

142 1554 228 1583 enim
245 1554 274 1583 ei
301 1553 422 1584 sincera
441 1554 592 1594 voluptas
614 1563 707 1593 pura-

139 1609 205 1640 que
237 1599 363 1636 laetitia,
390 1601 445 1640 qui
481 1599 709 1640 cupiditatibus

140 1647 254 1684 servit,
271 1652 312 1683 et,
325 1645 368 1676 ob
382 1652 507 1686 turpem
521 1646 614 1675 illum
624 1652 654 1675 et
663 1646 707 1686 ig-

140 1702 259 1722 navum
272 1691 475 1729 famulatum,
490 1691 597 1723 officia
613 1691 707 1721 adim-

139 1737 227 1779 plere
238 1738 384 1780 negligit,
405 1740 434 1767 V
434 1737 599 1778 irtutisque
614 1737 705 1767 viam

138 1783 258 1814 deserit
292 1783 413 1815 arduae.
442 1801 488 1808 —-·
514 1785 677 1824 Occupato
693 1795 704 1814 :

138 1830 284 1871 imperat.
299 1840 360 1871 pro
384 1830 549 1869 subjunct.
563 1836 703 1870 occupet.

138 1878 226 1906 —-In
235 1875 320 1906 diem
331 1886 342 1905 :
352 1886 613 1917 unumquemque
621 1876 705 1906 diein

137 1922 230 1954 lucro
261 1923 414 1963 apposui3
440 1922 508 1952 haec
545 1922 642 1952 verba
671 1922 703 1952 in

138 1968 244 2006 diem,
260 1968 326 1999 sive
345 1968 383 1998 ad
410 1969 545 1999 verbum
568 1968 703 2006 dixisse,

137 2015 203 2046 sive
230 2014 270 2045 ad
291 2015 427 2045 verbum
453 2014 546 2053 vixi,
569 2015 702 2052 referas,

137 2071 248 2092 sensns
261 2060 358 2093 idem.
375 2079 422 2084 —
440 2063 515 2092 Non
534 2060 592 2102 di
560 2060 683 2104 finget
694 2072 705 2091 .-

136 2118 206 2139 non
220 2107 362 2138 destruet
383 2114 438 2138 aut
450 2107 642 2138 immutabit.
659 2123 706 2131 —-=

139 2153 360 2196 Insa-tumque
375 2154 510 2184 reddet:
528 2164 632 2194 neque
649 2154 706 2183 im-

138 2199 248 2241 pedire
264 2201 383 2243 poterit
401 2197 572 2242 quominus
589 2210 623 2230 ea
639 2201 707 2241 qui-

767 1138 829 1168 bus
843 1149 920 1168 usus
932 1149 1002 1168 snm
1012 1160 1020 1176 ‚
1036 1149 1103 1169 mea
1113 1139 1192 1177 sim;
1206 1139 1331 1170 nullum

766 1185 802 1214 in
823 1186 981 1225 praeterita
1005 1186 1154 1216 Fortunae
1174 1185 1226 1223 jus
1248 1196 1331 1216 com-

765 1232 860 1271 petit;
873 1230 954 1261 bene
967 1230 1047 1261 facta
1063 1241 1135 1261 cnm
1152 1230 1326 1272 voluptate,

767 1277 848 1306 male
873 1277 976 1307 autem
1002 1284 1086 1319 gesta
1113 1287 1171 1318 per
1206 1276 1331 1308 dolores

768 1329 799 1352 et
825 1324 1025 1354 conscientiae
1049 1323 1194 1354 stimulos
1218 1322 1263 1354 ita
1291 1324 1331 1354 ad

767 1379 827 1399 nos
847 1370 1025 1410 pertinent,
1042 1376 1080 1399 ut
1096 1369 1184 1399 nulla
1204 1370 1252 1399 vis
1277 1380 1329 1400 eo-

763 1425 835 1445 rum
849 1426 977 1446 sensum
989 1422 1020 1445 et
1033 1416 1216 1446 memoriam
1229 1417 1330 1457 eripe-

762 1472 797 1491 re
810 1462 920 1502 possit.

812 1519 826 1538 1
838 1518 864 1539 t.
884 1509 1041 1545 Fortuna,
1060 1517 1141 1538 saevo
1169 1508 1246 1538 Ioeca
1272 1519 1324 1539 ne-

758 1554 848 1595 gotio
861 1565 872 1584 .-
887 1555 1050 1584 senteutiae
1063 1564 1136 1583 cum
1148 1553 1327 1595 praeceden-

762 1601 848 1630 tibus
869 1610 991 1638 nexus;
1015 1611 1092 1641 ego,
1107 1607 1220 1641 potens
1245 1600 1325 1638 mei,

761 1647 911 1677 Fortunae
930 1647 1125 1687 mancipium
1140 1657 1205 1677 esse
1225 1647 1320 1685 nolo;

761 1692 904 1722 crudeles
931 1694 999 1732 ejus
1020 1694 1109 1731 jocos
1127 1693 1222 1731 novi,
1237 1693 1325 1734 aeque

758 1737 869 1768 firmus
884 1745 915 1768 et
929 1749 1058 1769 securus
1068 1761 1077 1775 ‚
1086 1739 1153 1769 sive
1169 1740 1263 1770 sortis
1277 1750 1324 1769 as-

757 1786 942 1825 peritatem,
966 1785 1032 1815 sive
1050 1784 1190 1815 favorem
1211 1796 1323 1827 exper-

758 1837 851 1860 turus
869 1832 946 1869 sim;
968 1841 1071 1872 neque
1091 1832 1206 1871 ignoro
1229 1831 1324 1872 quiam

757 1876 931 1907 insolenter
944 1878 1026 1908 votis
1051 1878 1183 1915 nostris,
1208 1887 1323 1908 saevam

758 1933 791 1952 se
815 1923 1005 1964 praebendo,
1039 1922 1172 1954 illudere
1197 1925 1320 1965 gestiat.

757 1970 836 1999 —T
834 1976 1015 2000 ransmucac
1027 1968 1161 1999 incertos
1168 1968 1302 2000 bonores
1311 1980 1322 1999 :

757 2014 868 2056 suptili,
884 2015 944 2046 Od.
962 2017 996 2053 1,
1013 2016 1075 2053 34,
1095 2021 1146 2051 14.

811 2072 862 2092 12.
881 2061 993 2092 Laudo
1013 2068 1194 2091 manentem
1207 2071 1219 2090 :
1233 2061 1322 2102 plan-

759 2106 802 2137 do
818 2107 963 2148 equidem
973 2131 982 2145 ,
992 2109 1019 2138 si
1030 2107 1108 2137 mihi
1121 2105 1185 2138 fida
1199 2114 1232 2138 et
1248 2117 1321 2148 pro-

759 2155 836 2195 pitia
866 2153 1054 2185 adsit.-Si
1074 2153 1190 2184 celeres
1215 2154 1321 2194 quaele

760 2202 891 2232 Pennas
901 2211 912 2231 .·
921 2201 1026 2242 imago
1038 2199 1159 2241 egregie
1172 2199 1266 2231 ducta
1281 2199 1320 2231 ab
