1456 2508
267 0 299 18 ,v
332 6 341 13 ‚
355 0 364 6 .,
378 0 495 22 πῃ..

502 127 584 160 Lm.
601 127 642 159 :11
661 126 754 164 ‚ODE
770 126 872 158 'XIX-

1231 122 1297 152 213

242 186 521 238 Nymphasque
541 186 748 233 discentes,
767 193 806 223 et
822 197 935 223 aures

293 247 554 300 Capripedum
573 250 801 297 Satyrorum
826 253 969 283 acutas.

187 312 293 348 Evoe
313 311 344 347 3!
366 310 512 348 recenti
531 321 636 346 mens
655 307 824 360 trepidat
844 314 967 352 metu,
1286 312 1300 336 ⁵

189 370 384 420 Plenaque
403 369 544 407 Bacchi
564 377 722 420 pectore
740 366 943 406 turbide

241 432 435 469 Laetatur!
457 432 583 468 Evoe!
602 442 737 480 parce,
757 427 896 473 Liber,

293 493 430 539 Parce,
450 492 558 540 gravi
577 489 782 528 metuende
799 488 951 537 thyrso!

188 556 260 592 Fas
280 552 502 604 pervivaces
521 559 579 589 est
598 550 693 588 mihi
709 549 725 578 4
738 548 952 598 Thyiadas,

189 614 357 664 Vinique
372 613 517 650 fontem
529 641 540 660 ,
555 612 664 650 laetis
683 620 722 649 et
737 610 878 648 uberes
1269 624 1304 642 ιο

242 677 407 713 Cantare
427 674 550 721 rivos,
570 682 685 723 atque
706 671 852 709 truncis

300 738 427 787 Lapsa
446 735 550 773 cavis
570 735 710 772 iterare
730 733 853 771 mella.

190 800 263 835 Fas
280 805 318 834 et
337 796 460 834 beatae
479 796 652 847 conjugis
671 792 685 816 ⁵
705 794 878 833 additum

191 858 318 897 stellis
336 858 524 896 honorem
535 886 546 908 ‚
567 865 744 908 tectaque
762 855 923 894 Penthei

87 995 204 1029 auditae
217 995 316 1028 fidem
331 996 438 1028 vivida
453 995 665 1028 affirmatione

86 1044 248 1077 «inueniat.
275 1045 399 1076 Mirum
433 1045 585 1087 quidem,
611 1044 667 1075 sed

86 1102 156 1123 nou
173 1091 352 1122 absurdum
365 1099 470 1133 poetae
486 1091 504 1122 ὸ
520 1093 596 1122 vino
610 1093 665 1122 mi-

86 1138 176 1171 nim&
199 1138 387 1170 abhorrenti
413 1139 448 1170 id
477 1149 665 1170 concessum

85 1185 198 1224 fuisse,
218 1192 256 1216 ut
285 1197 369 1224 sese,
391 1187 560 1228 privilegio
583 1197 664 1228 quo-

85 1232 177 1271 dam,
196 1232 312 1264 Bacchi
332 1236 429 1264 sacris
445 1235 598 1265 initiaret.
617 1251 666 1257 —

85 1279 320 1325 Nymphasque
354 1281 514 1312 discentes
541 1292 553 1311 .-
580 1281 665 1311 refer

86 1326 128 1359 ad
138 1326 303 1358 Bacchum
316 1326 495 1360 docentem.
504 1346 550 1352 —-
559 1330 664 1359 Aures

86 1380 200 1406 abluas
214 1386 227 1405 .·
243 1382 382 1406 arrectas
399 1375 438 1406 ad
453 1375 661 1408 audiendum.

134 1422 167 1454 3.
184 1423 297 1454 Evae!
321 1422 494 1465 dissyllaba
517 1423 558 1454 ad
573 1434 663 1455 men-

85 1479 192 1500 suram
221 1467 342 1501 versus.
370 1471 561 1502 Furentium
588 1472 664 1502 Bac-

86 1515 254 1548 ‘chaudum
271 1517 409 1556 clamor,
429 1517 448 1549 :t
472 1525 558 1556 vate,
576 1518 665 1560 cujus

85 1573 176 1595 mens
208 1565 333 1595 recenti
372 1573 458 1596 metu
503 1565 660 1606 trepidat,

83 1611 176 1652 quasi
195 1611 301 1643 invito
317 1614 482 1654 repetitus.
495 1631 543 1637 —-
556 1615 663 1643 Laeta-

82 1665 136 1690 tur
147 1658 307 1690 turbidam
320 1670 332 1690 .·
345 1660 455 1691 laetitia
472 1671 569 1701 quam
582 1662 660 1702 Buc-

83 1703 164 1737 chus
197 1707 284 1748 parit
318 1707 366 1737 nil
402 1707 522 1749 placidi
544 1708 660 1746 haben

81 1751 146 1783 tale
175 1752 276 1784 ferme
310 1753 395 1784 illud
425 1755 660 1795 Vir-gissenum,

81 1799 208 1831 AEueid.
232 1801 301 1839 III,
321 1811 366 1842 99
386 1811 395 1832 :
421 1801 590 1843 BIixtoque
610 1802 661 1832 in-

76 1857 160 1888 gens
175 1854 292 1878 exorta
306 1849 443 1878 tumultu
460 1849 600 1880 Laecitia.
616 1866 664 1873 ——-

79 1895 203 1930 Panae,
231 1893 344 1931 Liber,
369 1906 470 1936 parce
493 1907 505 1926 :
529 1907 587 1938 per
614 1907 663 1927 re-

79 1939 332 1982 duplicationem
348 1941 444 1981 hujus
463 1944 552 1974 vocis
562 1966 570 1982 ‚
580 1954 661 1984 par-

79 1997 136 2025 ce,
153 1986 276 2018 humile
294 1994 428 2019 testatur
446 1989 639 2031 obsequium
650 2014 660 2030 ‚

78 2044 146 2076 quo
176 2035 303 2065 veniam
340 2034 464 2066 facilius
494 2037 656 2076 obtineat3

77 2091 152 2123 quae
174 2081 306 2122 quidem
329 2083 542 2124 reduplicatio
563 2085 580 2115 ὲ
600 2095 656 2115 na-

77 2128 149 2158 turai
166 2128 388 2171 depromitur,
405 2137 436 2160 et
449 2132 551 2172 ipsius
565 2133 655 2173 quasi

77 2185 146 2206 vox
178 2182 236 2207 est.
265 2194 312 2200 —
333 2176 453 2217 Thyrso
477 2189 490 2208 .·
522 2177 656 2220 thyrsus

75 2228 125 2253 est
160 2223 250 2254 hasta
286 2225 446 2266 pampinis
486 2225 652 2264 involuta,

76 2268 160 2312 qni,
177 2271 236 2314 qui
256 2269 275 2302 ὲ
298 2271 423 2303 Baccho
443 2272 527 2304 irato
544 2273 653 2303 ferire-

720 1003 784 1034 tur,
801 997 828 1026 is
842 994 951 1027 furore
969 993 1178 1033 inflammari,
1200 994 1300 1026 etde·

720 1043 838 1075 mentiri
860 1044 948 1074 illico
967 1044 1089 1084 corripi
1110 1042 1298 1084 putabatur.

769 1097 800 1128 4.
831 1093 894 1122 Fas
927 1098 974 1121 est
1007 1089 1087 1120 milii
1108 1101 1119 1120 :
1145 1091 1302 1131 supponit

719 1139 782 1169 sibi
797 1138 958 1169 Bacchum
969 1137 1033 1177 jhm
1051 1138 1178 1171 veniam
1193 1136 1301 1168 indul·

719 1187 812 1223 sisse,
833 1185 970 1227 proinde
993 1186 1028 1215 in
1049 1185 1122 1224 jure
1147 1194 1207 1214 suo
1235 1195 1302 1215 esse

718 1240 756 1264 ut
771 1234 839 1272 ejus
851 1234 1004 1275 mysteria
1018 1231 1300 1263 celebret.—-—Per-

718 1280 853 1310 vicaces
885 1278 1050 1320 Thyiadas
1076 1289 1088 1309 .·
1116 1278 1298 1317 Maenadas,

718 1328 785 1359 sive
801 1327 956 1362 Bacchas,
978 1327 1021 1357 sic
1043 1326 1143 1357 dictas
1157 1325 1176 1356 εὶ
1199 1326 1302 1358 verbo

719 1386 824 1417 graeco
835 1398 843 1413 ‚
861 1373 922 1406 θύω
934 1374 1049 1416 ‚fitro,
1066 1385 1134 1406 ruo,
1145 1373 1220 1404 Illas
1227 1385 1303 1415 per-

719 1423 842 1453 vicaces
856 1422 995 1464 appellat
1008 1445 1016 1460 ‚
1035 1421 1079 1452 ob
1092 1422 1191 1463 coepti
1205 1421 1303 1452 semel

721 1471 838 1501 furoris
853 1471 1072 1511 pertinaciam.
1085 1486 1133 1492 —-
1144 1468 1304 1511 Vinifim-

720 1526 805 1555 tem,
831 1517 926 1548 Iactis
950 1517 1050 1554 rivos,
1079 1516 1179 1546 mella
1205 1516 1302 1557 lapsa

718 1564 863 1601 truncis;
884 1563 1017 1595 totidem
1039 1563 1157 1594 Bacchi
1170 1563 1301 1595 victoris

718 1623 758 1644 ex
780 1611 872 1643 India
895 1612 1061 1642 redeuntis
1084 1611 1258 1650 miracula,
1282 1610 1301 1642 ὲ

717 1660 879 1691 veteribus
919 1660 1023 1700 poetis
1071 1658 1248 1697 celebrata,
1281 1657 1300 1689 ὸ

716 1709 838 1740 Nostro
882 1706 999 1736 iterata
1043 1704 1187 1744 tantum,
1223 1704 1299 1748 qui&

714 1754 781 1794 jum
796 1754 963 1784 decantata
978 1754 1116 1784 fuerant.

768 1802 798 1833 5.
816 1804 932 1832 Beacae
946 1801 1094 1844 conjugis
1107 1811 1119 1830 :
1134 1799 1298 1839 Ariadnae‚

718 1859 815 1890 quam
839 1849 915 1879 licet
951 1848 968 1879 ὲ
1000 1849 1124 1880 Theseo
1154 1847 1299 1878 relictam

716 1896 860 1927 Bacchus
886 1895 1054 1926 connubio
1078 1895 1142 1926 sibi
1163 1896 1300 1936 jungere

716 1954 783 1974 non
811 1943 884 1973 ded'
909 1950 1003 1973 natus
1025 1950 1083 1974 est.
1113 1942 1299 1983 Nuptialem

713 2001 870 2021 coronam
935 1997 968 2021 to
995 1991 1128 2033 gemmis
1151 1995 1299 2019 ornatam

712 2038 794 2068 coelo
827 2038 990 2075 inseruit,
1023 2047 1226 2079 gemmasque
1263 2036 1299 2066 in

711 2084 846 2115 totidem
866 2085 970 2115 stellas
992 2085 1142 2115 mutavit.
1161 2086 1216 2113 Est
1235 2083 1298 2124 sig-

710 2142 788 2162 num
811 2131 1080 2173 septentrionale,
1100 2132 1203 2164 Arcto
1217 2130 1298 2162 vici·

708 2189 807 2217 num,
823 2179 915 2220 quod
934 2179 1070 2210 Coronae
1091 2188 1210 2209 nomen
1230 2185 1314 2208 serf

709 2227 811 2264 vavst,
837 2226 888 2258 ob.
917 2226 1105 2256 circularem
1131 2226 1296 2256 stellarum

706 2272 964 2315 dispositionem.
975 2291 1021 2298 —-
1038 2276 1199 2316 Tectaque
1210 2275 1294 2304 Pen-
