1456 2508
467 93 546 124 LIB.
571 94 587 123 1
611 93 699 125 ODE
722 94 896 126 mvn.

185 153 290 190 Ausa
307 159 347 190 et
358 150 549 202 jacentem
566 152 689 191 visere
709 153 854 204 regiam
874 153 890 176 ⁸
1259 163 1292 188 2⁵

187 211 305 250 Vultu
322 225 482 262 sereno,
496 212 624 260 fortis,
645 221 685 251 et
700 225 856 264 asperas

237 276 420 312 Tractare
438 283 654 325 serpentes,
674 284 717 313 ut
733 282 860 313 atrum

289 336 463 386 Corpore
481 333 722 373 combiberet
740 347 948 383 venenum,

186 394 409 434 Deliberat&
423 405 548 434 morte
565 395 733 434 ferocior
748 411 760 444 ;

186 447 507 495 Saevis‘Liburnis
527 456 671 494 scilicet
687 456 865 494 invidens
1262 466 1292 490 ³1·

237 516 391 554 Privata
409 516 549 554 deduci
568 515 737 568 superbo

290 579 376 616 Non
393 578 548 616 humilis
563 579 702 616 mulier
721 579 931 631 triumpho.

79 705 162 735 eura,
176 697 353 728 latebrosos
366 709 519 736 recessus,
536 701 571 730 in
589 701 658 740 qui-

79 745 141 776 bus
155 745 326 778 Octaviani
345 755 461 778 manus
477 745 651 788 effugisset.

129 792 160 823 8.
177 791 270 822 Ausa
302 798 335 822 ec
355 792 524 834 jacentem
550 793 658 824 visere

79 838 204 882 regiam
225 839 323 870 Vultu
349 850 485 878 sereno;
504 840 656 882 praeclara

78 886 242 928 oppositio
264 893 312 917 est
333 887 369 917 in
395 898 478 918 ausa
499 888 596 920 vultu
612 898 658 918 se·

76 944 156 965 reno
172 940 204 964 et
210 933 379 975 jacentem
394 935 517 978 regiam
526 959 537 973 ,
553 935 658 967 aulam

77 979 226 1013 afflictam
236 1003 245 1020 ‚
259 989 482 1025 prosstratram3
493 984 539 1014 sic
540 983 658 1026 jacens

78 1038 232 1070 regnum,
251 1030 362 1060 Senec.
390 1029 508 1062 Troad.
538 1031 594 1067 54.
610 1049 656 1054 —-

79 1075 180 1106 Fortis
201 1082 235 1106 ee
251 1086 404 1117 asperas:
418 1077 548 1116 noxias,
562 1078 656 1109 lethi-

77 1122 168 1154 feras.
179 1139 225 1147 -
241 1121 438 1155 Combt'berec
453 1135 466 1156 .·
484 1126 656 1167 compositi

76 1168 170 1200 verbi
196 1169 276 1202 mira
307 1171 371 1209 vis;
390 1172 540 1203 universa
570 1173 655 1204 enim

76 1217 240 1260 sanguini·
251 1227 352 1249 massa
367 1229 492 1250 veneno
507 1221 655 1261 viperino

75 1261 248 1299 inficienda
276 1271 353 1296 erat.
387 1283 435 1290 —-
464 1266 655 1298 Deliberaecz

26 1332 34 1335 -
78 1309 326 1355 mortesemcior
332 1323 344 1342 .·
353 1314 411 1355 qui
418 1313 504 1345 enim
511 1316 594 1346 mori
601 1315 654 1346 de·

77 1358 192 1396 erevit,
203 1357 287 1390 nihil
297 1359 398 1392 timet.
412 1362 465 1393 Sic
472 1362 564 1404 Virg.
576 1365 648 1395 AEn.

78 1406 136 1444 lv,
149 1404 220 1442 604
232 1428 240 1444 ,
257 1417 352 1449 quem
370 1407 470 1439 metui
477 1409 651 1440 moritura?

712 717 759 723 —
773 699 920 730 Liburnis
941 709 949 731 :
971 700 1108 732 subaud.
1138 700 1288 734 navibus.

711 746 818 785 Od.V,
827 757 855 784 1,
868 757 881 777 1
888 771 896 778 .
904 747 1059 778 Liburnia
1067 747 1212 779 fuitolim
1220 758 1294 790 pars

712 793 835 836 Illyrici
844 816 853 832 ,
865 794 904 824 ad
918 794 1075 825 orientem
1089 795 1204 833 Italiae,
1217 805 1293 837 pro-

712 841 753 882 pe
766 842 902 873 Istriam.
923 842 973 873 Ibi
986 841 1231 873 aedificabantur
1242 853 1295 873 na-

711 898 766 918 ves
775 888 950 920 celerrimae
956 911 967 928 ‚
978 890 1082 931 iisque
1090 887 1294 931 potissimiim

711 945 790 966 usus
820 942 867 966 est
899 938 1066 979 Augustus
1096 937 1133 968 in
1160 936 1294 968 Actiaci

710 981 829 1024 pugna.
849 982 1011 1025 Quocirca
1043 983 1202 1015 Liburnus
1232 995 1293 1015 ειε-

710 1040 765 1060 vas
788 1031 942 1062 Horatius
971 1031 1127 1073 appellat,
1155 1031 1272 1074 nempe
1282 1053 1292 1070 ‚

711 1077 890 1118 Cleopatrae
925 1077 1065 1108 funestas
1076 1101 1085 1117 ,
1121 1077 1139 1108 a
1169 1079 1290 1120 quibus

711 1125 795 1155 victa
809 1125 1036 1167 AEgyptiorum
1049 1125 1166 1158 elassis.
1177 1125 1295 1157 —Pri-

710 1178 784 1202 vata
794 1183 805 1202 .·
819 1170 954 1214 pristinai
970 1171 1124 1214 dignitate
1138 1173 1292 1216 spoliata,

710 1219 845 1260 captiva.
860 1237 908 1242 —
921 1220 1000 1250 Non
1013 1219 1143 1251 ItumIIis
1158 1219 1291 1252 mulier.-

709 1266 822 1297 usitata
857 1265 983 1310 ligni-iq
1013 1268 1131 1298 mulier
1152 1278 1291 1310 genero-

708 1313 839 1346 sissimae
852 1314 982 1353 indolis,
996 1325 1068 1356 quae
1086 1316 1196 1357 regina
1208 1316 1293 1346 mori

706 1360 831 1400 mallet,
848 1360 946 1403 quz'im
957 1384 966 1400 ‚
983 1372 1082 1404 regno
1093 1369 1190 1394 exuta
1200 1386 1209 1402 ,
1225 1363 1289 1394 vic-

704 1409 783 1439 toris
803 1409 1004 1451 triumphum
1020 1420 1189 1442 exornare.
