1456 2508
213 104 278 144 278

607 108 648 147 Q.
673 107 856 139 HORA‘rn
880 108 1031 143 FLACCI

211 222 329 234 ww
338 223 393 234 m
397 223 453 234 ΕΜ
458 223 517 234 §m
521 223 1398 243 ”stwummwussmmuffmmmm

387 383 548 439 ODE
592 382 899 441 DECIMA
943 386 1230 446 TERTIA

434 542 516 584 AD
542 542 790 587 FONTEM
815 545 1188 591 BANDUSIUM.

210 683 345 713 Fontem
362 682 544 719 Bandusiae,
563 693 628 713 non
637 684 752 723 pracial
761 683 782 713 ὰ
795 681 853 714 sud
863 682 948 715 vind
960 684 993 715 in
1008 685 1141 725 Sabinis,
1154 689 1374 721 scaturientem
1384 714 1394 727 ‚

257 735 410 767 Horatius
437 736 672 767 immortalitati
701 745 880 776 consecrat,
903 739 1091 781 nuntiatque
1119 753 1153 772 se
1180 741 1213 772 in
1245 742 1397 775 honorem

254 790 414 831 Nymphae
427 802 499 832 quae
514 790 586 821 huic
594 791 685 836 fiunti
693 792 863 832 praesidet,
883 794 1021 824 crastino
1033 794 1100 831 die,
1116 795 1228 827 vinum
1248 797 1377 829 libando
1388 821 1397 836 ,

252 852 286 875 et
294 845 419 876 lzaednm
439 846 630 883 mactando,
652 846 840 890 sacnflcinm
859 847 1067 880 instituturum
1081 861 1157 882 esse.

309 956 342 992 Ο
360 966 451 991 FONS
463 955 660 992 Bandusiae
679 962 709 1002 ¹,
727 955 959 1006 splendidior
977 958 1097 1006 vitro,

310 1014 422 1063 Dulci
440 1014 551 1064 digne
571 1027 695 1061 mero,
715 1028 791 1052 non
811 1016 890 1053 sine
907 1017 1087 1064 floribus,

363 1076 456 1111 Cras
479 1074 680 1111 donaberis
701 1074 829 1122 haedo,

415 1133 485 1169 Cui
502 1133 604 1170 frons
624 1133 774 1183 turgida
798 1133 977 1171 cornibus

313 1192 447 1230 Primis
467 1201 504 1229 et
518 1205 695 1230 venerem
715 1203 752 1231 et
771 1194 900 1244 praelia
920 1194 1090 1232 destinat.
1381 1209 1395 1234 5

309 1256 464 1291 Frustra
485 1262 512 1300 ²;
531 1256 617 1293 nam
639 1255 781 1304 gelidos
800 1255 938 1292 inficiet
958 1254 1028 1292 tibi

259 1384 286 1404 1.
308 1372 420 1416 Ofons
436 1371 609 1402 Bandusiae
623 1383 634 1402 .·
648 1372 774 1404 Bandu-

204 1420 266 1456 sia,
294 1430 363 1450 non
389 1417 570 1448 Blandusia
584 1417 597 1460 (
612 1425 648 1448 ut
680 1419 777 1460 vulgo

203 1465 357 1507 legitur),
374 1471 420 1495 est
443 1465 506 1505 agri
525 1464 704 1495 Sabinensis
730 1476 777 1494 re-

205 1513 278 1553 gio,
296 1513 331 1541 in
358 1510 421 1552 quii
448 1511 573 1540 Horatii
603 1521 674 1552 ager
699 1512 777 1541 situs

203 1557 275 1588 fnit.
291 1556 448 1588 Nonnulli
461 1562 573 1597 putant
588 1557 692 1597 ipsum
708 1557 775 1587 fon-

204 1609 267 1633 tem
280 1602 441 1632 Bandusii
445 1603 574 1634 nomine
584 1603 776 1644 appellatum

205 1649 310 1679 fuisse.
337 1650 442 1679 Meras
465 1650 579 1689 nugas!
607 1649 776 1689 Quidquid

205 1696 263 1732 sit,
281 1695 352 1725 fons
369 1694 422 1724 ille
441 1705 535 1735 quem
557 1696 672 1726 Noster
695 1695 774 1725 cele-

205 1741 293 1778 brat,
307 1740 391 1771 idem
408 1747 454 1771 est
469 1751 504 1770 ac
522 1740 576 1770 ille
592 1741 632 1778 de
647 1751 711 1781 quo
729 1741 774 1772 10-

205 1787 333 1827 quitur,
357 1786 430 1817 infr.
457 1788 556 1827 Epist.
575 1788 609 1825 1,
633 1787 692 1824 16,
715 1798 775 1825 123

205 1835 290 1863 Fons
323 1832 420 1862 etiizm
449 1832 514 1862 rivo
544 1833 622 1863 dare
655 1844 774 1863 nomen

206 1877 357 1914 idoneus,
374 1885 410 1908 ut
426 1889 485 1907 nee
499 1878 658 1919 Frigidior
677 1879 776 1909 Thra-

205 1935 278 1955 cam
287 1947 296 1961 ,
314 1935 373 1954 nec
380 1924 493 1964 purior
505 1924 629 1954 ambiat
642 1925 774 1956 Hebrus.

206 1988 253 1995 -—·
276 1970 373 2001 Dnlci
405 1970 502 2010 digne
535 1981 623 2000 mero
647 1982 658 2001 .·
681 1971 775 2013 digne

207 2018 262 2047 cui
289 2016 382 2046 dulce
420 2017 531 2046 vinum
570 2016 699 2049 libetur.
730 2034 776 2041 —-

206 2064 280 2094 Non
304 2062 373 2092 sine
379 2062 517 2104 floribus
534 2072 545 2091 .·
569 2063 774 2099 Fontinalia,

207 2110 314 2150 inquit
340 2110 461 2145 Varro,
492 2107 532 2138 de
564 2110 654 2150 Ling.
688 2109 777 2141 latin.

204 2157 245 2192 V,
265 2156 301 2191 3,
314 2154 404 2184 feriae
425 2160 514 2184 erant
527 2153 669 2185 fontibus
693 2155 775 2186 dica-

203 2207 261 2238 tae‚
284 2200 400 2241 quibus
424 2206 455 2230 et
477 2210 602 2231 coronae
625 2200 773 2243 insontes

830 1372 960 1414 conjici,
989 1379 1020 1403 et
1037 1373 1128 1414 putei
1149 1375 1297 1406 coronari
1317 1377 1396 1407 sole-

830 1419 920 1450 bant.
935 1437 981 1443 —
1001 1420 1078 1450 Cras
1093 1419 1261 1451 donaberis
1280 1421 1371 1453 haedo
1387 1432 1394 1454 :

831 1465 898 1495 eriis
928 1467 960 1495 in
987 1465 1143 1497 honorem
1168 1473 1260 1498 tuum
1288 1467 1398 1499 haedus

829 1511 1055 1543 immolabitur.
1073 1530 1120 1536 —
1133 1512 1190 1543 Cui
1192 1513 1290 1555 from
1304 1514 1399 1558 turgi-

833 1557 878 1587 da
902 1557 1046 1588 cornibus
1066 1558 1179 1589 Primis
1201 1570 1211 1590 :
1231 1566 1303 1601 post
1333 1562 1397 1602 pri-

829 1614 916 1633 mum
958 1604 1031 1633 vitae
1069 1615 1207 1643 annum,
1239 1607 1398 1637 nascentia

828 1660 948 1680 cornua
961 1649 1125 1681 haedorum
1133 1650 1232 1682 fronti
1240 1652 1399 1694 incipiunt

828 1702 960 1726 exstare.
979 1713 1030 1730 ,-
1046 1698 1200 1728 Venerem
1229 1705 1260 1728 et
1279 1698 1399 1738 praelia

828 1741 969 1772 destinat
990 1754 1001 1772 :
1023 1750 1130 1784 aptum
1162 1743 1227 1783 jam
1261 1744 1335 1775 facit
1358 1744 1398 1775 ad

830 1790 987 1819 Venerem
1001 1789 1174 1819 ineundam
1186 1812 1195 1827 ,
1215 1795 1246 1820 et
1260 1789 1299 1820 ad
1317 1791 1398 1820 riva-

829 1833 874 1864 les
891 1836 983 1864 armis
996 1835 1192 1873 juvenilibus
1211 1836 1398 1877 propulsan-

829 1879 898 1911 dos.
923 1881 1040 1911 Confer
1067 1882 1181 1923 Virgil.
1209 1883 1326 1923 Georg.
1345 1883 1396 1919 11,

830 1926 896 1956 526
912 1936 919 1957 :
940 1928 1027 1956 Inter
1039 1937 1072 1957 se
1086 1927 1223 1958 adversis
1236 1927 1397 1959 luctantur

828 1971 972 2002 cornibus
984 1971 1078 2003 lzaedi.

877 2028 907 2048 2.
927 2018 1056 2048 Frustra
1077 2029 1088 2049 .·
1114 2017 1187 2049 nam
1218 2028 1275 2060 per
1300 2020 1398 2050 Hora·

830 2064 912 2094 tium
929 2064 1069 2095 obstabit
1090 2064 1170 2105 quin
1191 2064 1301 2095 haedus
1325 2065 1393 2103 ille,

830 2111 927 2140 morti
943 2117 1140 2151 praematurae
1154 2110 1192 2140 ab
1206 2121 1244 2142 eo
1259 2110 1395 2149 deditus,

826 2162 949 2186 naturae
975 2163 1086 2186 votum
1116 2156 1279 2198 fatumque
1304 2167 1395 2187 suum

826 2201 1003 2243 adimpleat.
1014 2219 1060 2226 —
1076 2201 1146 2233 Tibi
1156 2213 1166 2232 .·
1185 2203 1221 2234 iu
1242 2201 1396 2234 honorem
