1456 2508
246 114 311 143 206
623 115 663 154 Q.
689 114 872 146 HORATII
894 114 1045 150 FLAGGI

348 169 648 216 Formidolosus‚
663 183 749 220 pars
768 171 972 209 violentior

399 231 542 267 Natalis
561 229 685 278 horae,
702 243 768 268 seu
787 239 967 281 tyrannus

455 290 650 339 Hesperiae
666 291 919 340 Capricornus
939 292 1068 339 undae3
1402 313 1433 329 ιο

349 349 563 398 Utrumque
579 358 751 387 nostrum
768 350 984 388 incredibili
1002 351 1116 389 modo

348 409 544 446 Consentit
562 418 716 446 astrum.
737 413 791 448 Te
808 415 829 449 J
832 411 913 448 ovis
931 411 1050 462 impio

398 468 531 504 Tutela
548 470 712 506 Saturno
731 469 922 520 refulgens

450 526 621 576 Eripuit,
638 528 879 578 volucrisque
896 529 964 566 fati

345 583 526 622 Tardavit
545 586 620 623 alas
632 614 642 632 ‚
659 590 745 624 cum
764 589 928 638 populus
942 589 1118 638 frequens
1141 589 1154 610 ⁶

1399 599 1433 623 25

345 647 489 682 Laetum
510 645 666 684 theatris
684 649 742 684 ter
762 649 912 698 crepuit
933 661 1093 686 sonum:

397 707 459 740 Me
479 713 634 743 truncus
654 706 806 757 illapsus
829 707 988 745 cerebro

451 766 680 815 Sustulerat,
697 768 770 805 nisi
789 771 938 806 Faunus
958 769 1074 807 ictum

237 918 417 948 imminenti
464 918 608 958 periculo
652 926 807 958 servatus,

237 964 429 994 simillimam
445 971 562 994 sortem
578 972 806 1005 expertus'est3

237 1011 312 1052 ergo
340 1009 435 1051 (nam
457 1010 524 1040 haec
550 1011 714 1041 conclusio
732 1011 807 1042 inde

236 1057 307 1087 elici
321 1055 435 1097 dehet)
454 1067 521 1086 uno
537 1056 710 1097 eodemque
726 1068 806 1098 quo-

234 1113 296 1144 que
308 1103 359 1132 die
373 1101 467 1132 simul
478 1104 659 1134 moriemur.
669 1121 714 1126 -—
724 1104 804 1134 Con-

233 1160 343 1179 sensus
365 1149 469 1178 autem
486 1148 642 1187 siderum,
655 1149 715 1179 sub
732 1151 804 1190 qui-

234 1195 293 1225 bus
301 1196 452 1226 Horatius
462 1202 492 1225 et
502 1196 657 1225 Maecenas
664 1197 729 1226 nati
737 1207 802 1226 esse

233 1241 400 1279 dicuntur,
415 1241 583 1282 ponendus
596 1243 684 1271 estin
697 1243 801 1284 singn-

232 1288 291 1317 lari
324 1287 485 1317 stellarum
522 1287 586 1318 tam
628 1287 799 1318 faustarum

232 1334 328 1374 quani
334 1333 542 1363 infaustarum
554 1334 779 1372 conjunctione
788 1358 796 1373 ‚

233 1379 296 1420 qua
318 1380 438 1410 factum
461 1387 525 1418 est,
538 1387 575 1410 ut
590 1381 637 1410 vis
655 1381 799 1411 salutaris

208 1428 209 1431 ’
229 1427 344 1463 unius,
362 1426 429 1455 'vim
454 1427 584 1456 noxiam
609 1426 736 1456 alterius
754 1427 800 1456 in-

230 1472 391 1513 fringeret.
407 1471 516 1507 Libra,
532 1472 620 1502 stella
636 1473 798 1510 salutaris;

231 1524 263 1547 at
278 1518 426 1559 Scorpius
446 1524 478 1548 et
497 1517 708 1559 Capricornus
722 1519 796 1549 mali

231 1565 346 1594 ominis
386 1563 486 1594 sidera
502 1575 510 1602 ς
540 1564 792 1602 Formr'dolosus‚

233 1610 324 1648 cujus
361 1611 428 1652 ipse
460 1609 626 1652 adspectus
657 1611 797 1641 formidi-

233 1666 274 1686 ne
296 1657 418 1697 implet.
445 1674 492 1680 —-
515 1659 597 1687 Pars
622 1657 798 1687 violentior

231 1702 351 1732 natalis
372 1702 461 1733 horne
476 1714 487 1732 .·
503 1714 567 1733 una
595 1703 796 1734 infestiorum

231 1759 380 1790 geneseos
424 1759 502 1779 meae
537 1750 708 1788 stellarum.
749 1767 796 1773 —

233 1794 444 1834 Capricornus
489 1795 604 1826 dicitur
642 1803 798 1834 tyrannus

229 1841 509 1881 Hesperiaezazdae,
526 1841 612 1883 quod
625 1842 689 1872 tam
707 1849 797 1873 ortus

228 1886 323 1927 quam
337 1898 465 1918 occasus
476 1889 543 1926 ejus
552 1889 704 1929 procellas
714 1899 796 1919 com-

228 1944 337 1974 parare
352 1934 543 1974 putabatur3
557 1935 700 1965 similiter
721 1945 791 1976 sup.

227 1981 244 2008 1
254 2002 262 2015 ‚
280 1981 296 2010 3
308 2003 316 2015 ‚
340 1980 378 2010 15
390 2002 398 2017 ‚
418 1982 520 2011 Notus
538 1980 656 2011 dieitur
679 1980 797 2011 arbiter

227 2025 369 2057 Hadriae.
385 2045 431 2050 —
448 2027 559 2057 Tutela
575 2027 659 2057 Jovis
676 2038 686 2058 ‚⁴
708 2026 794 2058 sidus

228 2072 370 2103 tutelare.
391 2074 532 2114 Jupiter,
554 2073 713 2116 refulgens
740 2074 795 2103 im·

221 2117 279 2156 pio
295 2116 432 2149 ‘Saturno
456 2119 569 2160 eripuit
577 2132 589 2156 ,·
611 2120 721 2150 contra
736 2121 794 2150 im-

204 2173 209 2175 ·
225 2164 270 2203 pii
291 2166 417 2195 Saturni
438 2166 558 2196 stellam
580 2167 718 2208 fulgenS‚
741 2177 794 2207 pe-

225 2209 345 2248 riculo,
369 2211 457 2252 quod
481 2212 562 2243 illud
589 2213 647 2243 tibi
665 2219 794 2254 porten-

862 919 975 956 debat,
993 926 1023 949 te
1038 919 1173 960 eripuit3
1191 919 1360 950 exitiosum
1374 922 1426 951 Sa-

861 966 949 995 turni
967 965 1053 995 sidus
1072 963 1213 1006 apposite
1233 963 1351 995 dicitur
1371 965 1427 996 im-

857 1011 966 1051 pium‚·
979 1012 1084 1052 impiae
1104 1010 1219 1051 nempe
1243 1012 1371 1042 Saturni
1391 1012 1425 1043 in

858 1057 975 1087 liberos
986 1067 1060 1087 suos
1070 1058 1208 1087 saevitiae.
1217 1055 1362 1088 Ceterum
1378 1064 1425 1091 to-,

858 1109 928 1133 tum
934 1103 1020 1134 hunc
1027 1103 1133 1134 locum
1140 1104 1293 1144 expressit
1301 1105 1424 1135 Persius

856 1151 898 1188 V,
912 1150 953 1186 45
967 1151 1097 1190 sq.Non
1113 1149 1258 1190 equidem
1274 1149 1331 1179 hoe
1340 1150 1423 1180 dubi-

854 1203 916 1232 tes,
933 1196 1096 1226 amborum
1100 1195 1228 1238 foedere
1241 1203 1325 1226 certo
1341 1196 1422 1226 Con-

852 1242 966 1272 sentire
975 1242 1054 1278 dies,
1067 1249 1099 1272 et
1107 1242 1147 1272 ab
1154 1252 1218 1272 nno
1226 1241 1328 1273 sidere
1337 1242 1419 1274 duci.

852 1289 972 1318 Nostra
979 1289 1039 1318 vel
1045 1287 1166 1330 aequali
1176 1288 1340 1328 suspendit
1345 1295 1422 1319 cem·

847 1345 932 1374 pora
954 1333 1051 1364 Libra
1075 1337 1181 1364 Parca
1204 1341 1306 1364 tenua:
1326 1335 1416 1372 veri,

852 1391 907 1410 seu
933 1388 1012 1411 nata
1025 1380 1178 1424 fidelibus
1203 1380 1282 1410 hora
1301 1379 1421 1411 Dividit

852 1426 884 1456 in
905 1427 1056 1457 Geminos
1074 1425 1330 1468 eoncordiafata
1341 1426 1420 1457 duo-

853 1484 921 1503 rum
931 1496 940 1510 ,
961 1474 1192 1513 Saturnumque
1202 1482 1333 1514 gravem
1346 1483 1419 1503 nos-

852 1526 898 1549 tro
921 1522 996 1550 Jove
1012 1518 1201 1560 frangimus
1228 1518 1302 1548 ιιηὰ.

895 1566 926 1596 6.
963 1565 1039 1595 Ciam
1073 1565 1211 1606 populus
1237 1563 1396 1606 frequens
1407 1577 1417 1595 .-

853 1613 1058 1653 gratissimam
1106 1611 1272 1641 Maecenati
1322 1610 1419 1650 hujus

848 1656 980 1688 eventus
1001 1657 1183 1687 memoriam
1205 1655 1270 1695 jem
1287 1665 1416 1688 revoca-

847 1704 893 1734 vit
921 1703 1017 1745 supra
1039 1706 1071 1740 Ι,
1089 1712 1141 1733 20.
1157 1719 1205 1726 --
1225 1702 1287 1732 Tei-r
1297 1702 1420 1743 crepuit

849 1760 959 1780 sonum
976 1761 987 1780 .·
1008 1758 1161 1779 numerus
1172 1747 1282 1779 finitus
1294 1758 1354 1788 pro
1367 1749 1417 1779 in-

849 1795 981 1827 definito
1011 1795 1222 1827 communiter
1246 1795 1281 1824 in
1313 1796 1416 1835 poetis

849 1843 995 1873 sumitur.
1012 1843 1058 1872 Et
1070 1841 1214 1871 manibus
1219 1839 1348 1882 faustos
1367 1841 1415 1871 te‘r

848 1899 994 1928 crepuere
1027 1898 1138 1924 sonos,
1175 1889 1319 1928 Propert.
1346 1887 1392 1918 IV
1402 1909 1412 1925 ,

853 1945 904 1965 10.
920 1933 1053 1965 -7Visi
1076 1935 1205 1964 Faunus
1227 1932 1322 1963 ictum
1342 1934 1415 1962 Sus-

847 1981 964 2011 tulerac
977 1991 987 2010 :
1007 1979 1081 2010 villa
1105 1979 1190 2010 enim
1210 1979 1324 2010 Sabina
1334 2001 1343 2016 ‚
1356 1978 1414 2011 nbi

847 2028 996 2057 Horatius
1013 2025 1135 2056 arboris
1151 2035 1225 2055 casu
1243 2025 1344 2066 prope
1358 2035 1414 2066 op·

846 2083 972 2114 pressus
985 2072 1104 2110 fuerat,
1117 2072 1152 2102 in
1167 2070 1319 2112 peculiari
1333 2071 1412 2100 Fau-

847 2120 882 2149 ni
897 2117 995 2149 tutela
1009 2119 1080 2149 fuit.
1097 2116 1177 2148 Vide
1194 2127 1280 2158 supr.
1295 2118 1311 2146 1
1321 2138 1330 2153 ,
1352 2126 1389 2154 17
1402 2138 1411 2152 ,

851 2176 864 2195 1
880 2175 888 2196 :
908 2165 1010 2196 Velox
1024 2174 1184 2195 amoenum
1198 2162 1282 2204 περὶ
1304 2164 1412 2192 Lucre-

848 2211 934 2242 tilem
954 2213 1060 2242 Mutae
1081 2212 1194 2251 Lyca-0
1214 2210 1351 2240 Faunus.
1365 2225 1410 2231 —
