1456 2508
216 186 277 216 218

594 185 634 223 Q.
657 178 839 214 nomm
864 180 1015 214 FLAcc1
1034 221 1038 223 .

357 241 466 274 —Puer
481 236 565 286 quis
581 250 628 274 ex
643 237 727 274 aula
747 236 890 287 capillis

424 295 483 333 Ad
497 295 675 345 cyathum
690 303 876 333 statuetur
893 294 1012 332 unctis
1023 322 1034 341 ‚

318 358 463 393 Doctus
482 355 635 404 sagittas
656 354 809 392 tendere
825 354 972 392 Sericas

319 419 422 452 Arcu
439 416 622 464 paterno?
643 414 737 460 Quis
755 423 865 464 neget
885 413 1012 451 arduis
1030 414 1044 437 3
1371 430 1399 445 1⁰

372 477 516 511 Pronos
532 472 650 510 relabi
670 485 780 523 posse
799 473 901 510 rivos

427 531 642 578 Montibus,
657 539 694 569 et
712 530 880 568 Tiberim
898 530 1060 576 reverti5

320 595 417 631 Csim
436 599 477 628 tu
496 599 689 642 coemptos
707 591 874 640 undique
893 590 1039 627 nobiles

322 652 458 691 Libros
478 651 637 697 Panaeti,
657 652 886 689 Socraticam
907 658 943 687 et
963 650 1117 687 domum

370 715 521 749 Mutare
540 711 666 748 loricis
685 710 806 747 Iberis
819 738 828 756 ,

1372 725 1402 740 20

425 770 616 807 Pollicitus
635 769 791 806 meliora
799 798 809 816 ‚
824 767 972 807 tendis?

216 911 296 943 puer
312 901 415 941 regius
430 900 464 929 in
477 899 642 929 servitium
657 899 674 928 a
691 905 720 928 te
739 909 785 928 re-

216 945 441 978 dactus.—Ad
454 943 601 984 cyathum
615 952 784 974 statuetur:

216 993 276 1025 fibi
285 1000 322 1022 ut
330 994 350 1023 J
352 993 405 1022 ovi
418 989 617 1031 Ganymedes
634 991 787 1031 poculum

218 1037 419 1070 ministrabit.
437 1053 484 1060 —-
499 1038 616 1067 Doctus
633 1036 785 1078 sagittas:

216 1086 304 1117 suavi
319 1095 392 1114 eum
416 1083 559 1112 irrisione
581 1089 674 1123 auget
690 1082 787 1112 soler-

217 1133 293 1162 tiam
315 1138 347 1160 et
371 1128 591 1160 fortitudinem
609 1129 704 1166 1ccii,
732 1130 787 1168 qui

215 1178 365 1216 juvenem
394 1175 577 1205 bellatorem
589 1196 597 1210 ,
629 1185 696 1205 uon
719 1174 786 1215 ple-

218 1223 326 1254 beium
355 1228 409 1251 aut
440 1221 640 1261 imperitum,
657 1219 712 1250 sed
728 1231 785 1250 no-

218 1269 333 1305 bilem,
363 1266 417 1297 sed
449 1267 484 1295 in
520 1272 585 1295 arte
622 1266 787 1307 sagittandi

219 1312 530 1348 exercitatissimum,
548 1310 602 1341 sed
625 1311 690 1350 jam
708 1311 786 1342 adeo

218 1359 359 1392 validum
372 1365 408 1388 ut
420 1367 528 1387 arcum
541 1363 708 1397 paternum
720 1364 788 1388 ten-

220 1406 294 1437 dere
314 1415 383 1436 non
402 1402 606 1439 reformidet,
625 1402 786 1434 devicerit.

219 1469 266 1477 —-
280 1451 402 1482 Sericas
419 1460 431 1479 .·
450 1451 556 1486 Seres,
575 1449 659 1479 inter
679 1450 789 1480 Orien-

220 1500 260 1529 tis
281 1496 435 1539 populos,
449 1495 642 1535 optimorum
664 1496 788 1536 sagitta-

220 1546 341 1575 riorum
352 1540 478 1572 laudem
492 1540 689 1572 obtinebant.

272 1645 302 1665 α.
333 1632 408 1674 Quis
441 1639 535 1673 neget
563 1630 715 1662 arduis..,.
743 1632 787 1661 sic

838 903 986 928 construe
1004 907 1012 928 :
1027 897 1108 937 Quis
1127 902 1218 938 neget
1233 906 1338 926 amnes
1365 907 1406 927 ex

838 943 942 974 arduis
954 943 1116 973 montibus
1124 952 1244 983 pronos
1253 964 1262 979 ,
1275 943 1298 972 i.
1311 952 1338 973 e.
1355 942 1406 974 de-

838 988 971 1020 fluentes
981 1011 990 1026 ,
1000 999 1090 1029 posse
1103 987 1220 1026 relabi,
1231 997 1323 1029 posse
1337 998 1407 1018 cur-

839 1046 910 1066 sum
927 1035 1012 1065 retro
1029 1034 1178 1064 flectere?
1194 1051 1241 1058 -
1253 1034 1380 1064 Pana-ci
1395 1045 1406 1063 :

839 1083 995 1112 Pauaetius
1040 1080 1218 1112 Stoicorum
1251 1079 1406 1110 doctrinae

840 1123 982 1157 addictus
992 1148 1002 1164 ‚
1028 1126 1045 1157 ὲ
1082 1125 1198 1158 Rhodo
1226 1124 1380 1156 oriundus
1396 1136 1404 1156 :

840 1174 966 1214 scripsit
985 1173 1085 1213 graece
1113 1172 1232 1210 libros,
1252 1168 1324 1214 περὶ
1349 1173 1404 1202 τοῦ

839 1218 1037 1256 καθήκοντος,
1053 1218 1093 1248 de
1105 1228 1142 1248 eo
1157 1216 1320 1260 quodfien'
1331 1227 1405 1247 con·

839 1264 937 1301 venie,
957 1265 1022 1295 sive
1035 1263 1076 1294 de
1097 1262 1223 1307 ficiis,
1243 1273 1324 1304 quos
1337 1263 1405 1293 imi-

839 1317 922 1341 tatus
946 1316 992 1340 est
1018 1310 1197 1341 Cicero.—-
1210 1307 1405 1339 Socraticam

840 1357 967 1387 domum
991 1366 1003 1386 .·
1029 1354 1169 1385 scholam
1197 1355 1405 1391 Socraticam,

841 1403 1003 1434 Platonem
1020 1401 1151 1438 scilicet,
1159 1399 1406 1440 Xenophontem

841 1455 872 1478 et
895 1448 972 1478 alios
996 1454 1116 1478 veteres
1131 1445 1347 1477 Academicos.
1360 1462 1408 1470 —-

840 1493 959 1524 Lot-icis
971 1492 1074 1522 Iberis
1087 1502 1098 1522 .·
1111 1492 1302 1533 Hispanieis3
1316 1489 1408 1522 daba-

841 1547 894 1570 tur
911 1539 1058 1579 Hispanis
1071 1537 1188 1568 ferrum
1196 1537 1337 1578 apprime
1350 1539 1408 1568 tin-

841 1595 931 1626 gere,
948 1591 980 1614 et
1003 1593 1088 1614 arma
1107 1584 1236 1626 optimae
1259 1578 1408 1624 tempera-

842 1638 922 1661 mrae
940 1630 1095 1660 fabricari.
