1456 2508
604 23 619 34 ἱ

502 129 580 160 LIB.
606 129 656 159 111
680 129 768 160 ODE
791 130 883 160 XIV.

1234 123 1298 155 281

188 187 373 236 Prodeat‚
390 186 502 239 justis
519 195 678 238 operata
696 187 824 234 Divis,

189 251 238 288 Et
255 261 366 288 soror
382 248 476 286 clari
491 248 599 286 ducis
614 276 625 295 ,
645 257 684 286 et
701 247 853 286 decorae

430 309 613 362 Supplice
630 309 728 346 vitta

192 370 396 423 Virginum
414 379 573 417 matres,
588 370 851 422 juvenumque
872 370 997 421 nuper

193 433 399 485 Sospitum.
416 435 514 480 Vos,
533 432 558 469 ὁ
577 431 710 482 pueri,
727 440 765 469 et
780 431 919 483 puellae
1266 447 1297 463 xo

191 496 277 533 Jam
292 493 420 533 virum
435 501 603 544 expertae
623 490 654 539 3,
673 493 771 530 male
790 490 998 530 nominatis

430 553 580 592 Parcite
597 551 740 591 verbis.

194 617 269 656 Hic
286 617 386 667 dies,
403 617 494 656 vere
514 616 610 657 mihi
628 615 768 665 festus,
795 623 895 657 atras

83 769 160 800 quae
175 760 402 791 contristatum
411 761 508 792 Liviae
523 761 666 792 animum

87 817 228 838 recreare
238 815 356 849 posset.
365 825 412 831 —
422 809 567 839 Prodeat
574 820 585 840 :
594 820 667 850 pro-

88 853 182 886 cedat
225 854 352 886 tandem
390 857 424 886 in
474 856 662 898 publicum,

88 912 179 943 quae,
194 901 298 933 tribus
324 901 441 933 abhinc
465 904 557 934 annis
577 903 668 944 quasi

89 948 208 988 vidua,
233 948 362 980 dolores
390 960 466 981 suos
486 951 522 981 in
544 950 667 981 aedibus

88 997 154 1027 suis
184 996 390 1028 recondebat.
405 1015 452 1022 -—-
464 997 563 1028 ‚Iustis
591 1009 666 1039 ope-

89 1050 164 1074 rata
189 1043 278 1074 Divis
301 1055 312 1074 .·
336 1051 374 1075 ut
397 1044 592 1075 sacrificium
616 1055 668 1075 so-

88 1089 196 1121 lemne
212 1091 353 1127 celebret
366 1092 402 1122 in
418 1092 578 1123 honorem
593 1091 669 1122 deo—

89 1147 181 1176 rum,
193 1139 251 1179 qui
267 1149 301 1169 se
312 1139 417 1181 justos
432 1140 566 1180 professi
579 1146 668 1176 sunt,

91 1182 166 1215 c'ilm
187 1186 372 1228 Augustum
396 1186 458 1217 sub
486 1185 586 1217 tutelzi
612 1185 669 1217 snei

89 1233 233 1273 positum
243 1256 253 1272 ,
266 1232 427 1264 bellorum
436 1233 589 1275 periculis
605 1234 666 1264 eri-

87 1280 231 1320 puerint.
244 1297 290 1304 --
300 1281 346 1311 Et
354 1291 446 1311 soror
456 1281 541 1311 clari
553 1281 644 1311 ducis
657 1291 668 1311 :

90 1328 223 1358 Octavia
233 1349 243 1366 ,
256 1327 402 1359 Marcelli
411 1326 553 1369 primilm
563 1351 572 1366 ‚
582 1328 669 1358 dein-

89 1371 131 1404 de
145 1374 284 1406 Antonii
298 1374 418 1406 relicta.
431 1391 481 1398 ·--
497 1377 670 1406 Juvenum-

91 1431 154 1462 que
169 1421 271 1463 nuper
280 1420 440 1462 Sospitam
450 1432 461 1451 :
477 1422 534 1462 qui
544 1421 669 1452 incolu-

91 1478 159 1499 mes
169 1468 186 1498 e
195 1468 282 1499 bello
292 1469 468 1510 Hispanico
483 1478 558 1498 cum
571 1469 669 1510 impe-

90 1521 197 1546 ratore
212 1515 389 1553 redierunt.

141 1563 172 1594 3.
203 1565 285 1600 Vos,
307 1560 328 1592 ὅ
350 1563 448 1604 pueri
471 1570 504 1594 et
521 1564 663 1605 puellae,

90 1609 168 1641 Ιὰιη
198 1609 307 1641 ‘virum
335 1618 479 1651 experta·
493 1621 507 1640 :
532 1611 668 1650 juvenes

91 1658 238 1695 maritos,
246 1657 380 1697 juvenes
394 1658 520 1687 maritas
534 1658 666 1694 invitat,

90 1710 130 1735 ut
150 1704 185 1734 in
199 1702 260 1735 haic
276 1704 411 1735 solemni
429 1703 546 1746 pompei
557 1726 566 1742 ,
581 1704 668 1734 male

90 1750 268 1782 nominatis
296 1750 404 1781 ‘verbis
433 1759 600 1792 parcant;
633 1751 668 1782 id

89 1805 154 1837 ast,
188 1805 227 1829 ut
254 1798 374 1840 linguis
414 1798 551 1830 faveant.
583 1797 667 1829 Vide

89 1852 182 1879 notas
202 1846 238 1876 in
261 1845 326 1877 od.
347 1846 383 1883 1,
404 1856 440 1883 2,
461 1845 558 1885 hujus
578 1845 666 1878 libri.

89 1894 157 1925 Vix
174 1891 328 1923 credibile
343 1899 400 1923 ‘est
426 1891 584 1934 quantiun
615 1893 665 1924 in-

89 1939 276 1971 sudaverint
301 1945 404 1981 poetae
434 1941 538 1970 nostri
566 1940 666 1970 inter—

91 1994 218 2028 pretes,
242 1993 280 2017 ut
306 1993 433 2017 textum
451 1988 665 2028 primitivum,

87 2034 259 2066 intellectu
289 2032 494 2072 facillimum,
515 2041 569 2065 aut
599 2045 667 2064 mu-

90 2087 215 2119 tarent,
246 2087 302 2111 aut
335 2080 375 2111 ad
404 2091 534 2111 sensum
570 2091 668 2122 pecu-

89 2130 201 2162 liarem
222 2134 255 2158 et
270 2127 404 2158 omnino
417 2127 594 2158 absurdum
612 2127 668 2159 de-

90 2181 290 2218 torquerent.
313 2174 383 2212 Illi,
405 2174 564 2214 lectione,
580 2186 663 2213 vos,

91 2222 114 2256 θ’
123 2222 222 2266 pueri
241 2229 273 2252 et
283 2221 425 2263 puellae,
453 2221 530 2252 Jc‘zm
556 2221 666 2254 ‘vir-iim

83 2277 260 2317 expertes,
271 2278 346 2313 quae
363 2267 600 2313 Cuninglaamii
610 2270 666 2303 de-

719 760 817 792 betur
829 761 979 803 ingenio,
997 759 1032 790 in
1048 765 1174 790 textum
1189 769 1300 801 recep-

720 809 771 848 ta,
789 808 829 839 de
853 808 979 850 pueris,
1001 807 1059 849 qui
1080 806 1246 848 patribus,
1269 812 1302 837 et

721 855 760 886 de
784 856 919 897 puellis,
940 856 997 896 qui
1024 855 1145 885 maritis
1175 855 1242 885 suis
1265 854 1303 885 in

720 903 807 934 bello
817 904 951 944 privatae
960 903 1041 940 sint,
1057 902 1107 944 agi
1120 907 1299 932 autumant.

721 949 799 988 Sed,
813 957 850 980 ut
873 950 955 981 nihil
971 949 1093 987 dicam,
1110 948 1201 990 quod
1215 949 1302 980 recte

718 997 783 1037 jam
811 997 940 1028 monuit
973 996 1150 1033 Gesnerus,
1178 997 1302 1038 impor-

721 1051 804 1076 tuno
822 1044 917 1086 plane
932 1044 1005 1075 loco
1021 1045 1066 1074 sic
1089 1044 1137 1075 rei
1160 1044 1302 1075 tristissi-

722 1102 782 1122 mae
806 1091 871 1131 jam
899 1092 1101 1122 mentionem
1128 1090 1219 1130 fieri,
1233 1091 1302 1133 ipse

724 1149 801 1169 usus
819 1138 976 1180 loquendi
992 1138 1070 1169 huic
1092 1138 1304 1180 explicationi

722 1193 893 1227 repugnat.
918 1185 1036 1216 Puella
1058 1187 1145 1216 enim
1162 1185 1232 1216 viri
1245 1197 1303 1217 ex·

716 1243 794 1274 pers
808 1256 816 1271 ,
829 1244 865 1263 ea
886 1232 1018 1263 demum
1041 1233 1126 1263 recte
1148 1232 1193 1263 ita
1222 1232 1302 1264 dici-

722 1287 776 1311 tur
786 1303 795 1318 ,
808 1291 882 1321 quae
897 1290 973 1310 cum
988 1281 1059 1311 viro
1072 1291 1140 1312 non
1153 1290 1304 1311 consues-

723 1329 785 1366 cit,
814 1328 882 1366 vel,
902 1334 940 1358 ut
964 1338 1039 1358 cum
1061 1327 1200 1369 Virgilio
1228 1330 1300 1360 ΖΕΗ.

723 1376 782 1413 IV,
808 1374 873 1405 550
887 1398 895 1413 ,
911 1374 1048 1415 loquar,
1065 1374 1174 1405 vitam
1193 1374 1302 1406 thala·

724 1421 770 1452 mi
781 1430 948 1463 expertem
962 1421 1069 1463 degit;
1082 1432 1152 1452 non
1164 1433 1199 1453 ea
1211 1445 1219 1461 ‚
1230 1433 1303 1464 qnae

722 1470 794 1500 viro
822 1469 934 1500 orbata
958 1475 1017 1499 est.
1043 1471 1083 1500 Et
1099 1470 1170 1510 quis
1183 1480 1304 1510 pueros

723 1524 887 1557 expertes,
907 1527 948 1547 ne
970 1527 1050 1547 voce
1079 1516 1211 1557 quidem
1237 1528 1302 1558 pa-

722 1571 804 1593 trum
817 1562 959 1602 adjecti,
978 1563 1018 1594 de
1033 1564 1143 1605 pueris
1153 1586 1162 1602 ‚
1176 1566 1234 1605 qui
1247 1575 1303 1606 pa-

722 1610 827 1640 tribus
842 1611 908 1640 suis
921 1612 956 1641 in
974 1610 1062 1641 bello
1085 1611 1204 1652 privati
1219 1613 1301 1650 sint,

722 1657 808 1688 recte
831 1658 989 1699 accipiat?
1009 1659 1077 1689 Nec
1095 1657 1210 1689 meliixs
1229 1670 1304 1700 pro-

721 1704 808 1735 cedit
830 1705 912 1735 ratio
939 1715 1072 1744 eorum,
1095 1706 1153 1746 qui
1171 1706 1305 1747 puellas

713 1751 789 1793 jiun
805 1749 912 1782 vit-tim
932 1759 1081 1793 expertes
1097 1752 1137 1783 de
1153 1753 1303 1795 innuptis

720 1800 994 1840 interpretantur,
1026 1797 1072 1829 ita
1104 1806 1142 1830 ut
1166 1798 1202 1831 τὸ
1228 1800 1302 1842 Ῐὰιη

720 1857 801 1887 pro,
826 1847 913 1877 nime
934 1845 1058 1884 adhicc,
1085 1848 1228 1888 positum
1249 1850 1302 1881 sit.

720 1894 868 1925 Profecto
892 1894 920 1924 si
940 1893 1094 1924 Horatius
1105 1893 1179 1935 jizm
1193 1895 1303 1928 virz‘c'm

720 1948 869 1982 expertes
883 1941 1078 1983 scripsisset,
1096 1941 1185 1971 haud
1201 1941 1301 1976 dubie

719 1995 852 2030 nuptas,
866 1999 940 2030 quae
959 1988 1206 2019 consuetudinis
1226 2000 1302 2022 cum

719 2037 834 2067 marito
849 2035 915 2066 hile
929 2046 1033 2076 usque
1056 2042 1200 2066 exsortes
1212 2037 1300 2069 vixe-

719 2090 808 2122 rant,
827 2083 1048 2114 intellexisset.
1070 2083 1184 2114 Donec
1199 2084 1302 2126 igitur

720 2140 789 2161 non
817 2130 952 2162 meliora
986 2130 1177 2167 afferentur,
1216 2133 1299 2163 anti-

721 2187 820 2218 quam
841 2177 1014 2209 lectionem
1031 2177 1218 2208 servandam
1234 2189 1301 2211 esse

720 2225 937 2256 existim0.-
950 2224 1014 2255 Hic
1029 2224 1099 2264 dies
1117 2225 1208 2262 vere,
1222 2225 1302 2259 mihi

710 2270 819 2314 ¹festus
831 2283 843 2303 .·
858 2274 1014 2305 rationem
1028 2269 1152 2310 reddit,
1166 2269 1226 2306 ciu-
1236 2273 1300 2318 pri.

1066 2323 1134 2376 24*
