1456 2508
245 127 310 158 244
636 128 676 167 Q.
702 128 885 160 nonATu
909 130 1060 161 mem

340 183 416 227 Qui
434 195 520 220 rore
539 196 636 233 puro
656 186 826 222 Castaliae
847 187 938 224 lavit

338 241 469 278 Crines
487 243 647 290 solutos,
668 245 734 294 qui
754 246 878 295 Lyciae
894 254 996 283 tenet

390 304 571 348 Dumeta,
590 305 828 354 natalemque
848 306 1012 355 sylvam,

444 362 574 398 Delius
593 372 630 399 et
650 366 828 402 Patareus
847 365 998 414 Apollo,

340 421 404 457 Vis
421 420 552 458 consili
573 435 708 472 expers
725 424 823 460 mole
842 424 918 460 ruit
938 426 1006 461 sua
1024 426 1050 454 ¹4
1068 440 1076 462 :
1394 438 1426 462 65

339 480 424 516 Vim
445 487 691 529 temperatam
710 480 761 519 Di
776 495 930 532 quoque
949 483 1165 532 provehunt

391 542 434 575 In
456 540 573 589 majus
591 553 600 574 :
621 539 721 578 idem
740 541 855 578 odere
874 541 974 579 vires

446 602 568 636 Omne
587 601 690 638 nefas
708 601 833 638 animo
853 610 1058 639 moventes.

342 658 461 695 Testis
480 671 648 696 mearum
666 661 900 698 centimanus
918 665 1020 711 Gyas

343 718 622 756 Sententiarum
643 719 670 743 ¹⁵
691 729 819 767 notuS,
839 729 877 757 et
897 721 1053 771 integrae
1395 741 1426 765 70

395 781 577 815 Tentator
593 779 715 816 Orion
735 780 885 826 Dianae,

450 837 630 887 Virginea
648 839 812 877 domitus
832 840 977 890 sagitta.

343 898 485 946 Injecta
504 898 680 935 monstris
698 901 816 936 Terra
831 899 859 922 ¹⁶
875 899 978 937 dolet
993 900 1088 946 suis,

342 960 554 1006 Moeretque
574 965 704 1007 partus
723 957 878 995 fulmine
898 959 1064 996 luridum

241 1077 278 1106 tis
297 1080 343 1105 est
366 1084 474 1104 arcum
496 1075 651 1114 perpetuo
673 1081 804 1115 gestare.

238 1140 279 1145 --
297 1121 448 1151 Castalia:
465 1131 476 1149 .·
499 1120 650 1158 Castalia,
673 1120 743 1150 fons
771 1122 804 1151 in

239 1168 381 1199 Parnassi
391 1168 469 1207 jugo
479 1189 487 1204 ,
502 1166 646 1207 Apollini
661 1176 807 1197 sacer.—

239 1212 331 1243 Lavit
351 1212 461 1244 Crines
491 1213 606 1242 solutos
632 1223 644 1242 :
674 1212 804 1254 longos,

237 1259 323 1289 unde
344 1259 425 1299 saepe
448 1257 590 1288 intonsus
610 1258 747 1296 dicitur,
769 1260 804 1288 in

236 1305 376 1336 humeris
393 1303 549 1335 ludentes.
559 1322 605 1327 —-
615 1307 782 1334 Paearaeus
793 1315 804 1334 .·

237 1355 346 1382 Patara
361 1357 407 1381 est
429 1350 506 1380 urbs
523 1351 644 1392 Lyciae,
659 1357 690 1380 et
703 1350 803 1391 prope

236 1400 377 1429 Pataram
396 1407 520 1426 sacrum
546 1407 657 1427 nemus
684 1397 719 1426 in
739 1407 804 1437 quo

235 1442 439 1486 magnificum
455 1444 490 1472 in
507 1443 662 1474 honorem
678 1443 804 1484 Apolli-

236 1492 286 1521 nis
299 1490 463 1530 templum.

289 1543 340 1573 14.
357 1536 412 1566 Vis
436 1531 555 1565 consil?
577 1545 690 1575 expers
723 1534 805 1565 mole

236 1583 297 1613 ruit
314 1579 373 1612 suci
395 1592 407 1611 .·
433 1581 609 1623 generalem
634 1581 715 1611 hanc
733 1591 804 1610 sen-

236 1630 365 1660 tentiam
385 1629 467 1658 refer
485 1627 523 1657 ad
542 1627 722 1667 exemplum
741 1637 806 1657 mo-

236 1677 279 1706 do
298 1676 429 1705 citatum
453 1673 492 1704 de
520 1673 730 1715 Gigantibus,
751 1674 807 1713 qui

238 1723 319 1752 vires
333 1722 500 1751 immensas
509 1742 518 1757 ‚
529 1719 583 1750 sed
600 1719 733 1750 consilio
743 1719 809 1748 des-

237 1769 346 1798 titutas
362 1769 381 1797 J
385 1767 438 1796 ovi
454 1772 678 1807 opposuerant.
688 1764 808 1794 ——Vim

239 1820 448 1854 temperatam
478 1823 488 1842 :
527 1810 697 1852 prudentia
727 1811 808 1841 bene

238 1861 370 1890 mixtam
385 1869 419 1888 ac
429 1858 645 1898 compositam.
656 1875 702 1880 --
716 1855 807 1887 Idem

240 1904 335 1936 odefre
357 1904 444 1935 vires
464 1905 566 1934 Omne
585 1902 677 1944 nefas
695 1902 803 1932 animo

241 1958 399 1983 moventes
423 1961 434 1979 .·
457 1949 512 1979 sed
539 1950 593 1979 Dii
611 1949 804 1979 detestantur

238 1999 382 2030 homines
404 1995 578 2032 violentos,
605 1997 662 2036 qui
689 1995 804 2025 robore

239 2055 296 2074 suo
321 2044 498 2074 abutuntur
522 2048 558 2071 ut
585 2042 691 2072 omnia
717 2051 806 2071 exse-

240 2096 379 2131 quantur
396 2087 526 2119 scelera.

293 2136 341 2166 15.
362 2133 460 2166 Testis
479 2143 620 2163 mearum
635 2131 807 2163 sententia-

210 2193 214 2195 ·
242 2193 310 2212 ram
334 2192 345 2210 .·
379 2172 614 2210 teineritatis-ne
643 2189 806 2220 arguerer,

243 2226 407 2258 asserendo
438 2224 548 2256 melius
575 2225 703 2256 sortasse
731 2235 807 2255 con-

859 1076 986 1106 clusisse
1001 1077 1170 1106 Horatium
1181 1097 1190 1114 ,
1207 1077 1234 1107 si
1256 1077 1292 1108 in
1309 1088 1425 1119 praece-

859 1121 948 1152 denti
967 1121 1096 1163 strophe
1110 1122 1322 1154 substitisset?
1335 1126 1425 1165 Quid

859 1167 943 1198 enim
957 1166 1022 1206 jam
1034 1169 1136 1198 citatis
1151 1168 1290 1209 Typhoei
1303 1176 1334 1199 et
1348 1171 1424 1201 alio-

859 1224 930 1244 rum
955 1214 1127 1255 Gigantum
1146 1215 1316 1256 exemplis,
1341 1226 1424 1246 nova

858 1260 914 1290 illa
930 1260 1049 1300 Gygis,
1064 1260 1210 1297 Orionis,
1225 1261 1314 1302 Tityi
1329 1268 1360 1292 et
1375 1263 1425 1293 Pi-

855 1305 955 1336 rithoi
975 1306 1120 1346 exempla
1137 1305 1250 1336 addere
1268 1309 1425 1348 possunt?

856 1351 925 1383 Nisi
938 1353 1010 1392 quis
1025 1351 1152 1389 dixerit,
1167 1351 1303 1383 voluisse
1317 1352 1426 1394 impri-

857 1398 915 1428 mis
940 1404 1082 1438 poetam,
1103 1399 1298 1428 atrocitatem
1323 1409 1424 1439 poenae

857 1443 959 1473 multi>
973 1442 1077 1474 minus
1090 1442 1184 1484 quam
1197 1445 1425 1485 perennitatem

857 1488 1013 1528 iudicare,
1037 1489 1080 1520 ita
1103 1496 1139 1520 ut
1162 1490 1309 1531 Augusto
1327 1491 1424 1522 soler-

857 1534 920 1565 tiixs
933 1535 1134 1572 blandiatur,
1157 1536 1324 1567 innuendo
1342 1537 1423 1567 nihil

857 1580 989 1611 ulterius
1013 1588 1068 1612 aut
1091 1581 1152 1611 sibi
1181 1581 1260 1622 ipsi,
1284 1589 1337 1612 aut
1361 1584 1426 1614 suis

858 1629 990 1668 posteris
1013 1638 1055 1658 ex
1074 1627 1324 1658 adversariorum
1339 1628 1425 1660 suro-

859 1674 948 1704 ribus
975 1673 1270 1714 pertimescendum.
1298 1677 1337 1704 Iu
1362 1675 1426 1704 adi-

861 1718 975 1750 menda
990 1720 1074 1750 enim
1089 1719 1243 1750 damnatis
1257 1726 1288 1750 et
1301 1719 1424 1751 afflictis

862 1767 948 1797 omni
972 1765 1167 1796 liberationis
1188 1776 1242 1806 spe
1264 1767 1424 1807 praecipue

859 1811 923 1850 jam
943 1813 1168 1842 immoraturus
1185 1817 1242 1842 est.
1258 1829 1305 1834 —
1321 1812 1425 1843 Centi-

861 1868 974 1887 manus
991 1858 1096 1898 Gyges
1111 1869 1123 1887 :
1146 1867 1228 1887 unus
1245 1857 1262 1887 ὲ
1283 1858 1426 1899 Giganti-

856 1904 927 1934 bus.
942 1921 990 1927 —-
1006 1903 1104 1934 Orion
1121 1914 1132 1933 :
1159 1909 1254 1933 notus
1273 1910 1404 1934 venator
1415 1927 1423 1941 ,

857 1950 928 1989 qui,
946 1947 1019 1979 cum
1031 1951 1141 1980 Diauae
1155 1948 1339 1990 pudicitiam
1359 1956 1424 1980 ten-

858 2002 922 2025 tare
946 2006 1041 2026 ausus
1065 2002 1159 2032 esset,
1179 1995 1220 2025 ab
1246 1993 1282 2024 ea
1304 1996 1429 2036 sagittis

859 2042 1022 2071 confossus
1050 2048 1107 2072 est.
1130 2039 1206 2072 Vid.
1227 2040 1266 2070 de
1284 2042 1422 2078 Orione,

844 2086 970 2131 supra,
987 2086 1047 2118 Od.
1063 2089 1112 2126 11,
1132 2088 1187 2124 13,
1206 2087 1261 2127 39.

911 2134 961 2164 16.
976 2132 1100 2174 Injecea
1117 2134 1234 2163 Terra:
1251 2134 1346 2163 Terra
1358 2154 1366 2168 ,
1386 2139 1423 2162 nt

862 2186 960 2208 mater
988 2179 1179 2219 Gigantum,
1204 2178 1289 2209 dolet
1318 2178 1431 2218 qued,

862 2223 935 2254 cum
963 2226 997 2255 in
1027 2226 1090 2255 suis
1118 2224 1290 2255 visceribus
1318 2234 1425 2254 eonse-
