1456 2508
571 148 612 189 Q.
637 149 820 181 HORATII
843 150 995 182 FLACCI

346 207 534 250 Querceta
560 207 725 256 Gargani
741 207 933 256 laborant,

394 266 440 300 Et
459 264 558 302 foliis
579 265 785 304 viduantur
803 268 898 304 orni.

287 324 344 358 Tu
364 335 512 372 semper
533 336 644 374 urges
661 323 675 347 3
694 324 883 364 flebilibus
902 326 1024 364 modis

287 383 437 429 Mysten
454 381 688 431 ademptum3
709 396 778 420 nec
796 383 882 431 tibi,
903 386 1072 434 Vespero
1339 402 1370 419 ιο

340 443 391 476 Su
398 449 526 490 rgente
534 469 544 486 ,
564 441 752 480 decedunt
770 435 936 489 amores,

391 502 426 536 N
429 512 470 536 ec
490 500 664 549 rapidum
685 501 851 550 fugiente
870 502 1006 540 Solem.

288 561 336 595 At
355 571 450 605 non,
470 568 527 595 ter
546 572 627 597 aevo
645 560 794 598 functus
812 562 839 607 4,
859 561 1057 599 amabilem

285 619 450 656 Ploravit
470 632 598 656 omnes
614 621 856 658 Antilochum
875 635 988 659 senex

339 682 469 716 Annos
476 695 486 726 3
506 692 575 715 nec
592 679 786 729 impubem
805 690 978 730 parentes
1339 691 1368 715 1⁵

391 739 564 786 Troilon,
585 748 650 776 aut
669 740 840 790 Phrygiae
859 753 1006 778 sorores

288 800 444 836 Flevere
462 812 621 849 semper.
640 800 780 837 Desine
799 800 968 837 mollium

179 958 261 982 zetas.
272 969 319 974 —-
331 952 484 991 Querceca
496 951 662 992 Gargani:
673 953 748 982 Gar-

179 1008 296 1039 ganus,
323 1008 433 1034 mons,
463 1004 516 1027 aut
540 996 646 1038 potius
672 1008 746 1038 pro-

178 1045 377 1075 montorium
413 1043 540 1084 Apuliae
555 1066 564 1081 ,
593 1045 627 1073 in
661 1054 747 1074 mare

179 1089 377 1121 Adriaticum
403 1100 595 1130 procurrens
628 1089 747 1131 (hodie

179 1143 286 1166 monte
295 1137 326 1166 S.
339 1135 476 1176 Angelo,
489 1137 523 1166 in
533 1135 741 1176 Capicanata,

178 1183 267 1224 regni
278 1182 477 1222 Neapolitani
491 1181 654 1222 provincia
664 1181 687 1223 ).
701 1199 747 1205 ——

177 1229 343 1258 Labor-ant
352 1238 362 1256 .·
377 1227 524 1258 laborare
538 1228 695 1269 eleganter
704 1228 748 1258 di-

178 1276 277 1312 citur,
294 1273 452 1314 quidquid
468 1275 532 1303 vim
543 1296 551 1311 ‚
571 1275 739 1314 impetum,

177 1331 259 1351 onus
274 1321 330 1350 vix
341 1321 497 1350 sustinere
509 1326 624 1360 potest.
642 1319 742 1360 Supra

147 1391 151 1395 .
177 1367 240 1398 Od.
256 1368 289 1404 Ι,
307 1377 343 1407 9,
363 1371 381 1401 4
397 1375 404 1395 :
431 1366 533 1405 Sylvoe
551 1366 743 1397 laborantes.

176 1430 225 1436 —-·
251 1412 433 1442 Viduatmtr
463 1423 475 1441 :
506 1423 571 1442 vox
614 1410 744 1442 affectas

177 1459 289 1500 plena;
308 1469 404 1499 quam
425 1458 505 1488 refer
535 1457 574 1488 ad
601 1458 744 1488 dolorem

176 1505 298 1546 Valgfi,
321 1505 378 1545 qui
422 1504 625 1534 dilectissimo
666 1515 743 1544 pue-

176 1561 213 1582 ro
235 1551 382 1588 orbatus,
416 1558 447 1580 et
473 1551 561 1591 quasi
595 1549 743 1580 viduatus

177 1604 232 1628 est.

224 1638 255 1674 ἒῖ.
282 1642 327 1673 Tu
346 1643 471 1682 semper
490 1653 582 1684 urges
597 1653 607 1672 :
626 1642 742 1673 indesi-

175 1689 288 1721 neuter
308 1690 523 1730 prosequeris3
541 1689 685 1718 similiter
699 1688 746 1717 la-

175 1735 280 1765 crimis
295 1745 407 1777 urgere
426 1734 508 1765 dixit
524 1737 665 1775 Propert.
684 1735 743 1771 IV,

181 1793 236 1818 11,
262 1791 275 1811 1
296 1791 304 1812 ε
325 1780 461 1817 Desine,
488 1781 617 1816 Paulle,
639 1791 743 1810 meum

175 1826 315 1858 lacrimis
341 1837 452 1868 urgere
468 1826 677 1867 sepulchrum.
699 1842 746 1849 ——

174 1875 299 1913 Mysten
313 1884 324 1902 :
342 1882 462 1903 nomen
481 1883 637 1913 graecum,
660 1871 745 1902 unde

174 1918 364 1951 concludere
380 1919 455 1948 licet
475 1929 611 1958 puerum
628 1919 720 1948 illum
731 1940 739 1955 ,

173 1977 258 2003 non,
278 1972 314 1995 ut
330 1964 456 1995 credere
477 1975 509 1994 se
528 1963 656 2004 fingunt
678 1964 742 2004 ple-

173 2013 264 2053 rique
298 2013 484 2051 interpretes
494 2032 504 2047 ,
519 2010 623 2051 Valgii
638 2009 740 2040 filium

172 2057 286 2095 fuisse,
310 2056 364 2087 sed
390 2056 552 2086 servulum
571 2056 610 2085 ab
629 2067 667 2086 eo
690 2056 741 2085 ad-

172 2110 320 2134 amatum.
331 2105 434 2143 Quam
447 2103 738 2143 interpretationem

171 2148 277 2179 firmat
295 2159 360 2179 vox
374 2149 567 2189 subsequens
578 2170 586 2185 ‚
600 2158 733 2184 amores,

193 2206 242 2226 uae
250 2196 283 2226 in
294 2194 409 2236 plurali
424 2204 574 2231 numero,
585 2193 623 2223 de
633 2204 738 2224 amore

168 2241 190 2283 13
211 2249 300 2283 terno
312 2239 467 2281 nusquam
477 2240 611 2282 intelligi
619 2241 735 2281 potuit.

799 969 846 974 —
861 953 996 992 Vespero
1010 959 1156 994 surgente
1172 963 1183 982 .·
1201 953 1289 984 stella
1306 956 1367 985 Ve-

798 997 991 1036 neris‚ci1m
1020 998 1095 1029 solis
1121 1009 1268 1030 occasum
1288 997 1367 1030 'sub-

799 1045 940 1084 sequitur
972 1046 1106 1085 Vesper,
1133 1052 1188 1075 aut
1211 1047 1365 1086 Vesperus

799 1090 934 1128 dicitur3
958 1089 1032 1120 cum
1060 1098 1166 1122 ortum
1195 1090 1362 1132 praecedit,

800 1136 935 1178 Lucifer.
963 1136 1083 1167 Eodem
1113 1138 1258 1175 nomine,
1283 1148 1365 1168 eam-

800 1182 871 1212 dem
898 1182 1035 1221 stellam,
1052 1185 1117 1214 sive
1145 1184 1281 1214 serotina
1303 1185 1361 1221 sit,

800 1229 865 1258 sive
881 1230 1032 1259 matutina
1042 1252 1051 1267 ,
1067 1228 1084 1259 a
1099 1228 1192 1270 poeta
1209 1230 1365 1260 nominari

795 1273 879 1315 quid
895 1276 1001 1304 vetat?

842 1325 874 1356 4.
891 1322 951 1350 Ter
975 1331 1040 1351 aevo
1059 1320 1193 1362 fimctus
1205 1318 1223 1351 .·'
1238 1321 1365 1363 triginta

797 1373 828 1396 et
836 1373 899 1396 tres
907 1366 1032 1396 circiter
1043 1377 1140 1397 annos
1151 1389 1159 1405 ‚
1173 1369 1198 1397 si
1211 1368 1363 1406 medium,

798 1419 835 1443 ut
857 1413 965 1449 aiunt,
984 1413 1154 1443 terminum
1173 1423 1292 1451 sumas,
1314 1414 1362 1444 vi-

798 1465 880 1488 vunt
892 1458 1054 1496 homines;
1071 1466 1101 1489 et
1111 1481 1120 1497 ,
1136 1465 1173 1489 ut
1185 1460 1364 1490 Horatianis

797 1504 901 1535 verbis
918 1511 1002 1541 utar,
1015 1506 1207 1546 quicumque
1224 1506 1300 1536 anni
1318 1505 1365 1535 ul-

797 1549 845 1580 tra
862 1549 943 1580 hanc
966 1560 1167 1581 communem
1185 1561 1364 1582 mensuram

797 1596 960 1626 nonnullis
975 1603 1192 1637 apponuntur,
1201 1597 1268 1627 aliis
1282 1596 1365 1628 dem-

797 1643 845 1682 pti
857 1649 942 1672 sunt.
953 1643 1044 1672 Vixit
1057 1641 1274 1684 igiturNestor
1289 1653 1363 1674 cen-

798 1694 865 1717 tum
880 1687 944 1717 fere
953 1698 1068 1726 anuos,
1085 1699 1152 1719 non
1161 1710 1171 1726 ,
1185 1688 1225 1719 de
1239 1688 1362 1730 vulgati

798 1735 964 1774 opinione,
981 1741 1148 1766 trecentos,
1166 1750 1213 1758 —-
1231 1734 1363 1766 Amabi-

799 1780 860 1809 Iem
888 1779 1095 1810 Antilochum
1110 1791 1122 1810 .-
1150 1781 1223 1812 vere
1243 1781 1361 1812 amabi-

797 1825 859 1856 lem
870 1848 878 1863 ,
896 1827 952 1866 qui
967 1827 1048 1866 patri
1066 1826 1192 1857 Nestori
1209 1825 1274 1866 jam
1292 1837 1362 1857 sau-

799 1873 865 1908 cio,
880 1872 916 1900 iu
929 1872 992 1901 acie
1010 1872 1199 1912 periclitanti
1213 1871 1361 1903 adversus

794 1919 998 1947 Memnonem
1043 1928 1251 1956 succurrens,
1293 1918 1360 1959 ipse

793 1973 852 2003 pro
865 1969 952 2003 patre
962 1964 1158 1995 occubuerit.
1169 1963 1252 1994 Vide
1263 1965 1358 1995 Hom.

793 2010 827 2038 in
850 2008 963 2049 Odyss.
983 2020 1005 2053 ’γ
1016 2031 1024 2047 ,
1040 2017 1072 2040 et
1083 2006 1115 2041 ὃ.
1135 2026 1182 2032 —
1199 2008 1330 2040 Troilon
1346 2020 1358 2040 .·

792 2054 934 2092 Troilus,
952 2052 1037 2085 filius
1065 2056 1180 2086 Priami
1201 2061 1232 2085 et
1252 2056 1359 2086 Hecu-

792 2099 858 2137 bae,
881 2099 1005 2141 Infelix
1019 2112 1116 2141 puer,
1135 2108 1231 2142 acque
1250 2100 1356 2142 impar

790 2156 974 2188 congressus
998 2146 1134 2184 Achilli,
1161 2147 1251 2187 Virg.
1280 2147 1352 2177 ΕΠ.

790 2193 821 2229 Ι,
854 2197 931 2232 479.
956 2209 1003 2215 --
1029 2192 1177 2236 Phrygiae
1211 2202 1332 2222 sorores
1343 2203 1355 2223 .·

791 2237 977 2277 Cassandra,
994 2237 1126 2278 Creusa,
1138 2238 1310 2280 Polyxena.
