1456 2508
541 129 620 162 Lm.
644 128 679 161 11
701 119 791 162 ona
814 128 860 160 11.

1250 128 1311 160 151

197 190 324 228 Notus
342 187 383 226 in
399 187 538 226 fratres
557 186 676 225 animi
694 186 848 238 paterni
866 201 876 224 :

196 250 311 289 Illum
331 251 418 301 aget
435 249 563 301 penna
579 255 776 286 metuente
796 246 896 285 solvi

463 313 582 348 Fama
601 316 808 359 superstes.
857 354 863 361 ·

197 372 331 410 Latius
349 383 485 422 regnes
506 369 663 408 avidum
682 366 878 406 domando

200 431 408 483 Spiritum,
427 432 543 482 quam
563 428 596 468 si
615 427 779 480 Libyam
798 426 957 466 remotis
1283 446 1314 463 ιο

200 491 374 532 Gadibus
386 492 526 543 jungas
548 487 577 537 3,
596 497 634 527 et
653 497 818 540 uterque
835 491 975 526 Poenus

464 551 616 590 Serviat
635 549 716 587 uni.

201 613 348 653 Crescit
365 612 568 665 indulgens
589 611 663 651 sibi
682 611 789 650 dirus
807 610 981 662 hydrops
1003 610 1032 659 4,

91 773 150 806 gro
163 762 262 805 aequis
274 761 423 805 partibus
433 760 560 802 divisit,
572 763 674 794 instar

92 812 191 854 patris
211 811 430 842 amantissimi.
445 828 496 835 -—
511 811 616 841 Notus
638 810 673 841 in

91 857 210 896 fratres
233 857 338 888 animi
346 857 485 899 paterni
500 868 512 888 .·
530 858 673 899 phrasim

93 906 139 936 sic
173 912 362 936 construere
393 904 527 937 malim:
553 907 672 936 Procu-

92 952 306 992 leius,animi
330 953 457 994 paterni
481 953 517 983 in
541 952 670 990 fratres,

94 1001 183 1031 vivet
201 1006 333 1031 extento
348 1009 418 1031 aevo
437 1006 545 1030 notus.
564 999 672 1042 Vulgo

94 1047 186 1078 aliter
198 1053 393 1079 construunt
403 1070 412 1085 ,
423 1047 514 1089 quasi
524 1046 594 1077 haec
604 1057 672 1077 ver-

95 1094 152 1132 ba,
182 1093 287 1125 animi
297 1094 450 1135 paterni,
483 1093 501 1124 ἒι
524 1094 671 1136 particip.

96 1141 213 1184 passiv.
233 1148 346 1180 notus,
365 1152 424 1183 per
445 1141 673 1172 hellenismum

96 1195 302 1232 regerentur,
330 1195 386 1227 ut,
414 1187 541 1231 integer
568 1189 667 1226 victv,

89 1247 191 1278 purus
231 1235 370 1267 sceleris.
399 1234 523 1267 Verum
559 1237 670 1267 nescio

93 1283 173 1325 quid
189 1282 263 1314 duri
284 1290 317 1314 et
335 1283 452 1325 praeter
468 1282 602 1314 modum
620 1284 670 1314 in-

92 1331 181 1362 soliti
209 1331 246 1362 in
270 1329 332 1361 hac
362 1330 549 1370 locutione,
580 1338 673 1362 notus

94 1377 215 1415 animi,
239 1378 342 1408 inesse
363 1377 443 1408 mihi
469 1379 575 1409 visum
603 1386 668 1416 est,

94 1436 200 1467 neque
215 1424 321 1456 ullum
340 1425 430 1456 aliud
438 1426 593 1467 praeteriti
608 1437 674 1467 pas-

94 1474 155 1503 sivi
162 1483 237 1503 cum
244 1473 386 1514 genitivo
398 1473 562 1511 conjuncti
569 1484 673 1503 exem-

95 1519 187 1562 plum
205 1520 340 1561 reperiri
355 1530 448 1561 posse
469 1519 608 1551 libenter
629 1531 673 1550 as-

95 1568 261 1598 seruerim.
275 1568 373 1608 Quis,
388 1578 420 1597 v.
432 1577 462 1608 g.
473 1590 482 1603 ,
501 1567 651 1598 toleraret
663 1578 671 1599 :

97 1614 249 1645 laudatus
252 1613 462 1656 fortitudinis
470 1638 480 1651 ,
497 1614 674 1645 celebratus

97 1660 248 1704 ingenii?
257 1678 305 1685 -
314 1661 412 1693 Illum
426 1668 504 1703 aget
512 1673 523 1691 .·
539 1661 652 1692 evehet
662 1685 671 1698 ‚

96 1708 250 1746 extollet,
269 1708 358 1739 illius
371 1717 492 1739 nomen
513 1710 549 1738 in
572 1719 673 1740 remo-

97 1755 232 1786 tissimas
240 1761 347 1786 aetates
362 1755 520 1787 traducet.
530 1772 577 1779 --
587 1759 673 1787 Pen-

99 1799 146 1833 ηά
155 1809 316 1833 metuente
327 1802 428 1833 solvi:
441 1802 577 1833 adfamae
586 1811 673 1834 aeter-

98 1850 232 1880 nitatem
263 1848 492 1890 designandam
525 1850 674 1881 tribuun-

98 1901 153 1927 tur
171 1897 295 1935 Famae,
315 1903 353 1927 ut
375 1896 443 1928 deae
467 1898 575 1936 alatae,
593 1909 674 1939 pen-

99 1953 153 1974 na!
162 1950 339 1974 metuentes
351 1944 440 1982 solvi,
458 1955 531 1987 quae
545 1945 607 1976 sibi
624 1956 674 1976 ca-

98 1996 175 2020 vent
202 2000 244 2021 ne
273 1991 457 2030 solvantur,
480 1991 513 2023 h.
543 2003 571 2023 e.
600 2003 673 2034 quae

97 2036 267 2079 nunquam
290 2037 479 2077 solvuntur,
502 2039 672 2080 nunquam

96 2082 330 2126 languescunt,
354 2085 523 2128 nunquam
549 2087 673 2118 volatui

97 2128 276 2170 deficiunt3
295 2133 340 2163 sic
367 2133 482 2174 passim
511 2140 669 2171 metuere,

97 2183 136 2209 ut
160 2178 350 2210 Graecorum
373 2178 599 2222 φυλάττεσθαι,
619 2192 673 2222 pe-

96 2219 236 2267 riphrasi
263 2228 317 2258 τοῦ
344 2238 410 2258 non
428 2227 480 2258 vel
503 2228 672 2270 nunquam

94 2272 240 2306 inservit.
260 2275 351 2317 Virg.
379 2274 498 2318 Georg.
516 2276 550 2314 Ι,
572 2275 640 2313 246
663 2285 672 2308 :

731 762 847 793 Arctos
860 762 993 792 Oceano
1007 766 1184 792 metuentes
1199 769 1308 803 oequo-

728 820 766 840 re
780 808 874 851 tingi.

778 857 810 888 8.
829 854 936 897 Quam
965 854 994 885 si
1017 855 1154 895 Libyam
1179 853 1310 886 remotis

733 902 878 934 Gadibus
888 902 1015 945 jungas
1030 914 1042 934 :
1061 902 1160 944 quam
1178 903 1205 933 si
1223 912 1309 944 opu-

727 951 905 982 lentissima
917 948 987 980 tum
1001 950 1119 981 Africae
1129 973 1138 988 ,
1154 947 1226 980 tum
1237 951 1310 981 His·

727 999 831 1040 paniae
856 1008 950 1036 rura,
973 1004 1005 1028 et
1033 998 1199 1028 universas
1229 1007 1309 1039 opes

729 1056 802 1088 quae
824 1055 883 1087 per
906 1045 1139 1075 commercium
1164 1044 1200 1075 iu
1215 1050 1309 1075 utro-

731 1103 794 1134 que
809 1093 919 1123 littore
940 1093 1060 1123 initum
1076 1092 1307 1133 acquiruntur,

731 1140 904 1181 possideas.
920 1139 1100 1170 -Gades:
1119 1138 1240 1176 Cadix,
1263 1144 1311 1170 est

729 1186 899 1229 peninsula
915 1193 947 1218 et
962 1186 1040 1217 urbs
1057 1187 1093 1217 in
1106 1185 1222 1217 ultima
1238 1187 1310 1218 His-

726 1234 822 1277 pania
846 1233 886 1264 ad
907 1233 1094 1272 meridiem3
1120 1233 1223 1276 prope
1246 1233 1308 1265 fre-

729 1289 799 1313 tum
810 1305 818 1320 ,
833 1281 923 1323 quod
937 1281 978 1312 ab
993 1281 1030 1312 ea
1045 1280 1240 1312 Gaditanum
1254 1291 1309 1312 vo-

728 1336 830 1367 catur,
843 1329 874 1360 Ie
888 1328 1006 1359 de'troit
1014 1329 1055 1359 de
1070 1328 1245 1361 Gibraltar.
1257 1328 1308 1359 Ibi

728 1377 941 1407 immortalem
964 1376 1070 1418 nuper
1090 1376 1153 1407 sibi
1172 1375 1308 1418 gloriam

728 1425 854 1466 peperit
882 1423 1027 1455 Gallicus
1050 1424 1229 1461 exercitus,
1253 1424 1307 1454 cui

728 1477 863 1513 praeerat
884 1471 1112 1501 dilectissimus
1134 1472 1307 1513 Princeps,

729 1517 808 1549 tunc
831 1518 1123 1561 Engolismensium
1141 1517 1230 1558 dux,
1250 1518 1308 1550 ho-

730 1565 781 1596 die
804 1566 987 1607 Delphinus
1013 1571 1134 1597 noster.
1151 1582 1199 1589 —-
1218 1567 1308 1597 Uter-

730 1623 793 1655 que
819 1615 938 1644 Poenus
959 1623 971 1643 .-
999 1610 1070 1643 tum
1097 1613 1155 1654 qui
1188 1611 1236 1644 est
1271 1613 1307 1643 in

729 1659 851 1698 Africa,
859 1658 928 1691 tum
939 1661 998 1701 qui
1010 1660 1045 1690 in
1053 1659 1219 1702 Hispania.
1230 1660 1307 1692 Car-

729 1707 944 1750 thaginienses
975 1713 1100 1750 partem
1143 1708 1308 1750 Hispaniae

729 1753 786 1785 diu
807 1755 1040 1793 obtinuerunt,
1062 1754 1174 1796 ibique
1194 1756 1229 1786 in
1255 1755 1307 1786 lit·

729 1808 799 1833 tore
818 1800 929 1833 versus
951 1808 1095 1833 austrum
1107 1824 1116 1840 ‚
1142 1802 1306 1845 Carthagi-

729 1860 803 1880 nem
823 1859 961 1887 novam,
983 1848 1203 1892 Cat-chagene,
1229 1860 1306 1881 cou-

729 1895 894 1928 djderunt.

793 1950 824 1981 4.
870 1943 990 1975 Crescit
1030 1942 1171 1986 hydrops
1196 1954 1207 1973 :
1242 1943 1304 1987 hy-

729 1990 885 2033 dropicus
921 1990 1075 2022 morbum
1117 2001 1212 2021 suum
1252 2001 1306 2022 au-

728 2045 781 2080 get
792 2062 801 2077 ‚
817 2037 895 2069 dum
910 2036 1111 2080 indulgentia
1134 2037 1258 2070 crudeli
1273 2045 1307 2070 et

728 2085 791 2116 sibi
823 2085 949 2117 funesta
977 2084 1114 2116 bibendi
1143 2084 1305 2117 desiderio

727 2133 929 2175 obsequitur.
951 2132 1102 2173 Hydmps
1126 2132 1248 2172 autem,
1267 2139 1306 2164 ut

726 2182 829 2221 graece
837 2176 959 2223 ὑδρωψ,
968 2190 1036 2211 non
1046 2181 1239 2222 aegrotantis,
1248 2179 1305 2211 sed

725 2228 828 2268 ipsius
843 2227 951 2258 morbi
970 2237 1090 2258 nomen
1107 2226 1242 2259 indicat.
1265 2229 1306 2258 In

724 2273 788 2306 hoc
799 2275 874 2307 loco
887 2273 994 2306 morbi
1007 2284 1127 2306 nomen
1138 2273 1179 2306 ad
1187 2284 1307 2318 aegrum
