1456 2508
465 129 546 161 Lm.
570 129 621 160 111
645 127 734 160 ODE
757 126 815 158 lv.

149 183 281 230 Tol-lor
297 188 481 235 Sabinos;
501 201 569 226 seu
588 186 684 224 mihi
703 184 886 236 frigidum

201 255 392 290 Praeneste
402 279 413 298 ‚
428 263 497 287 seu
512 248 636 287 Tibur
655 246 835 298 supinum
845 273 855 292 ,

256 314 335 350 Seu
353 309 510 361 liquidae
529 310 708 360 placuere
726 307 840 344 Baiae.

153 373 299 412 Vestris
314 372 479 410 amicum
494 370 666 409 sontibus
685 377 724 407 et
738 367 868 405 choris
885 367 914 414 ⁶,
1231 373 1260 398 25

151 440 242 476 Non
260 448 322 473 me
334 433 523 485 Philippis
541 444 653 470 versa
670 429 771 468 acies
790 427 915 475 retro,

204 500 355 535 Devota
374 507 451 532 non
470 493 654 531 exstinxit
671 491 811 538 arbor,

258 560 339 595 Nec
358 555 488 594 Sicula
506 554 710 592 Palinurus
731 552 848 590 unda.

154 621 376 668 Utcumque
395 628 547 654 mecum
564 627 634 652 vos
654 613 761 652 eritis
773 642 783 660 ,
800 611 923 650 libens

155 679 414 718 Insanientem
430 677 560 714 navita
579 678 798 726 Bosporum
1236 680 1268 704 30

207 738 402 784 Tentabo‚
421 745 460 775 et
478 744 633 774 urentes
650 747 785 773 arenas
807 742 822 764 7

262 799 422 839 Littoris
441 797 588 848 Assyrii
609 796 747 834 viator.

158 864 290 903 Visam
308 861 512 899 Britannos
528 856 751 910 hospitibus
765 855 867 893 feros
885 855 913 902 3,

58 1009 139 1042 duos
159 1006 257 1039 tollor
277 1003 414 1035 Sabinos
427 1013 439 1033 .·
458 1012 517 1044 per
531 1001 641 1043 imagi-

58 1067 135 1090 nem
148 1054 289 1086 illustrat
297 1051 464 1093 vulgarem
477 1049 561 1080 hanc
573 1059 642 1079 sen-

61 1103 217 1135 tentiam:
237 1109 295 1131 seu
316 1097 464 1128 villulam
479 1106 582 1127 meam
605 1096 642 1126 in

61 1150 198 1182 editiore
210 1147 280 1189 agri
292 1144 404 1178 Sabini
416 1143 491 1175 loco
504 1143 642 1185 positam

62 1204 170 1242 petere
187 1195 291 1236 juvet.
306 1209 355 1217 ·-
374 1190 538 1234 Frigidum
555 1192 643 1220 Prae-

63 1251 154 1276 nesle
163 1254 174 1274 :
189 1241 271 1274 Latii
283 1238 442 1281 oppidum
458 1236 575 1279 (hodie
588 1238 644 1268 Pa-

62 1288 214 1332 lestrina)
223 1312 233 1327 ‚
246 1286 337 1330 quod
352 1285 371 1317 a
382 1285 523 1327 Virgilio
539 1283 643 1314 altum

64 1337 260 1382 appellatum
289 1331 416 1366 AEneid.
447 1333 512 1363 VII
522 1355 531 1369 ‚
561 1331 642 1362 682.

63 1383 159 1424 Rue,
176 1384 312 1415 durante
328 1381 443 1411 aestatis
459 1379 565 1410 calore
575 1401 584 1417 ,
598 1389 646 1408 se-

65 1432 178 1465 cedere
192 1429 340 1462 solebant
355 1427 513 1464 Romani,
530 1424 571 1456 ad
587 1425 644 1456 fri-

65 1491 125 1524 gus
154 1475 359 1520 csptandum.
373 1492 420 1499 --
442 1473 542 1504 Tibur
561 1471 645 1514 supi-

69 1537 147 1559 num
165 1537 177 1557 :
194 1526 231 1556 in
255 1521 365 1554 medio
392 1520 484 1552 collis
513 1530 645 1551 ascensu

67 1574 291 1606 constitutum.
300 1586 349 1594 —
360 1566 508 1610 Liquidae
524 1566 620 1598 Βαίας
634 1578 645 1596 .·

66 1621 172 1659 Baiae,
187 1617 267 1650 urbs
293 1618 330 1648 in
357 1613 549 1657 Campania,
565 1614 645 1644 aeris

69 1666 239 1710 temperie,
266 1673 484 1706 aquarumque
512 1661 645 1692 salubri-

67 1722 132 1747 tate
171 1711 341 1745 celebrata.
377 1708 474 1742 Unde
506 1710 624 1741 Noster
633 1731 643 1747 ,

71 1763 175 1805 Epist.
190 1762 225 1799 1,
252 1771 267 1791 1
282 1782 292 1798 ,
306 1758 348 1788 83
362 1766 370 1788 :
387 1755 506 1788 Nullus
522 1755 555 1786 ἰη
570 1755 644 1786 orbe

67 1811 156 1843 locus
170 1805 263 1840 Baiis
273 1804 430 1847 praelucet
440 1802 589 1834 amoenis.

117 1854 150 1888 6.
169 1852 289 1886 Vestris
301 1851 440 1883 amicum
451 1849 599 1893 fhntz'bus
613 1857 646 1881 et

70 1902 175 1935 choris
185 1913 196 1932 :
207 1901 337 1932 choreas
346 1898 364 1929 εὶ
373 1899 477 1930 Musis
492 1897 532 1928 ad
540 1897 645 1928 fontes

71 1960 179 1983 sacros
208 1947 351 1980 exemeri
376 1946 464 1976 canit
483 1943 644 1976 Hesiodus

69 2000 107 2030 in
111 1993 500 2036 inidoTheogom—Non
511 2003 561 2023 me
570 1990 644 2023 Phi-

72 2044 170 2088 lippis
182 2053 283 2075 versa
289 2040 375 2071 acies
384 2039 468 2071 retro
479 2051 491 2071 :
504 2050 573 2070 non
583 2038 646 2069 sibi

73 2090 267 2124 contradicit
290 2095 377 2119 vates
395 2087 453 2129 qui
475 2098 509 2118 se
528 2086 546 2117 a
561 2087 646 2118 Mer-

73 2140 166 2172 curio
186 2143 348 2170 servatum
375 2135 509 2166 asseruit
518 2157 528 2172 ‚
556 2144 644 2175 supr.

74 2180 138 2220 o'd.
153 2187 185 2217 11
195 2208 204 2224 ,
223 2196 255 2225 7,
274 2183 327 2214 13.
342 2182 535 2219 Mercurius,
550 2181 647 2211 frater

74 2232 255 2277 Apollinis,
270 2237 303 2262 et
320 2230 401 2272 lyrae
415 2239 530 2271 parens
541 2251 550 2267 ‚
567 2237 646 2259 eon—

74 2281 178 2313 sulere
195 2279 309 2311 debuit
329 2276 545 2308 incolumitati
566 2275 646 2307 vatis

240 2337 270 2371 Ι.

694 1001 730 1031 in
755 997 855 1030 tutela
887 998 1058 1029 Musarum
1091 995 1108 1027 a
1138 996 1277 1039 pueritia

694 1047 804 1089 positi.
831 1064 879 1069 —-
895 1046 1021 1076 Devota
1042 1043 1137 1075 arbos
1159 1055 1171 1075 .·
1186 1056 1277 1076 exse-

696 1093 840 1131 crabilis,
858 1093 946 1124 Diris
971 1091 1180 1130 devovenda;
1209 1092 1277 1124 vid.

696 1152 786 1182 supr.
804 1140 867 1172 Od.
884 1141 937 1178 11,
959 1140 998 1170 13
1022 1146 1055 1170 et
1075 1150 1127 1179 17-
1143 1156 1190 1163 -—
1208 1140 1278 1170 Nec

698 1185 810 1219 Sicula}
835 1187 1012 1218 Palinurus
1045 1185 1138 1217 unda
1163 1198 1175 1217 :
1203 1197 1278 1228 pro-

697 1235 897 1266 montorium
911 1234 1078 1272 Lucaniae3
1097 1234 1142 1264 sic
1154 1233 1280 1265 dictum

697 1281 715 1313 a
734 1282 907 1320 Palinuro,
923 1282 1014 1312 navis
1032 1283 1142 1312 AEneae
1158 1281 1277 1324 guber-

697 1337 810 1360 natore
823 1328 836 1370 (
847 1328 973 1361 AEneid.
989 1330 1056 1366 VI,
1076 1327 1177 1370 381),
1193 1329 1277 1359 mul-

699 1377 739 1407 tis
755 1377 929 1418 naufragiis
947 1376 1084 1415 infame,
1103 1375 1162 1407 ubi
1177 1378 1278 1407 Hora-

699 1425 762 1454 tius
791 1435 955 1455 summum
992 1424 1066 1455 vitae
1096 1423 1278 1465 periculum

697 1472 858 1509 incurrit,
882 1469 957 1501 ciun
983 1482 1024 1502 ex
1046 1470 1135 1501 bello
1154 1470 1276 1514 Philip-

698 1519 791 1560 pensi
802 1519 839 1548 in
851 1518 977 1549 Italiam
990 1517 1121 1550 rediret.

747 1576 779 1604 7.
798 1567 933 1597 Urentes
950 1575 1071 1596 arenas
1084 1577 1096 1595 :
1114 1565 1151 1596 in
1166 1565 1278 1597 multis

680 1611 836 1657 Vcodicib.
859 1613 978 1656 legitur
992 1620 1133 1645 arentes.
1150 1631 1197 1636 -—
1212 1613 1278 1644 Lic-

698 1659 777 1690 toris
797 1659 925 1701 Assyrii
945 1671 956 1690 :
975 1660 1128 1691 nonnulli
1157 1667 1276 1702 putant

698 1707 859 1750 designari
872 1707 926 1738 hic
941 1708 1058 1750 Syrias,
1070 1707 1276 1749 Palmyrenas

695 1754 898 1787 solitudines.
928 1755 1062 1797 Assyria
1089 1764 1151 1797 pro
1183 1754 1276 1798 Syria

696 1800 862 1832 multoties
873 1808 1061 1844 usurpatur.
1213 1807 1215 1810 “

745 1849 778 1881 8.
794 1846 972 1880 Brittanos
983 1848 1158 1892 hospitibus
1162 1848 1277 1891 [ἔωσι

697 1894 796 1937 quam
817 1896 901 1928 bene
921 1896 1032 1928 multis
1047 1896 1167 1928 abhinc
1182 1907 1276 1928 secu-

695 1941 753 1982 lis,
769 1950 800 1974 et
820 1945 940 1975 nostris
954 1944 1133 1986 praesertim
1149 1951 1275 1986 tempo-

694 1990 784 2022 ribus
799 1998 939 2023 veterem
954 1990 1044 2023 illam
1068 1992 1185 2023 famam
1207 1991 1276 2023 ulta

697 2044 745 2068 est
768 2039 954 2077 Britannia,
974 2040 1070 2070 tellus
1100 2039 1175 2070 vere
1198 2039 1275 2070 hes-

698 2085 765 2127 pita
776 2107 785 2124 ,
796 2085 855 2116 ubi
867 2092 972 2117 tutum
985 2087 1108 2118 miseris
1122 2087 1276 2118 omnibus

698 2132 883 2175 perfugium
895 2156 904 2171 ,
919 2133 956 2165 in
974 2133 1038 2175 quai
1053 2132 1121 2164 sola
1142 2133 1278 2165 nobilis-

699 2180 787 2210 simis
800 2187 832 2210 et
842 2181 939 2222 regiis
949 2180 1081 2222 quidem
1094 2181 1276 2219 exsulibus,

699 2228 790 2258 omni
815 2227 1031 2259 calamitatum
1060 2228 1193 2261 turbine
1217 2230 1281 2270 jac-

701 2275 773 2306 tatis
784 2298 793 2314 ,
825 2276 1053 2317 conquiescere
1089 2276 1199 2308 licuit!
1232 2293 1279 2300 ——

1068 2340 1112 2365 21
