1456 2508
219 178 278 197 112

625 252 639 265 l

212 285 271 296 νιὶ-
277 285 328 296 ιιι
334 284 631 296 xummmwss
635 284 755 296 mm

604 169 644 208 Q.
669 167 852 199 HonATn
876 167 1023 199 FLAcm

877 283 1298 297 mmmmmm
1303 283 1398 295 Μιὶι

348 450 495 506 ODE
538 448 913 509 VIGESIMA
954 448 1266 509 OCTAVA

215 602 324 630 Nauta
343 599 483 641 quidam,
496 601 570 631 dam
585 600 736 642 Apuliam
744 600 990 642 praetervehitur,
1005 601 1038 631 in
1049 600 1237 642 insepultum
1251 600 1401 640 Archyta>

255 653 436 694 philosophi
457 654 668 696 Pythagorei,
696 665 806 696 corpus
823 654 948 691 incidit,
967 666 1006 684 ac
1019 654 1159 695 primicm
1175 653 1240 695 ipse
1257 653 1399 684 umbram

255 707 406 748 Archyta·
421 709 561 739 nondam
577 709 609 739 ιή
626 708 744 751 inferos
757 717 915 750 receptam
930 708 1105 750 alloquitur
1111 720 1125 745 ;
1138 719 1209 750 quae
1217 731 1227 746 ,
1244 718 1314 739 cnm
1339 708 1399 739 im-

252 761 392 801 positam
409 762 553 793 omnibus
565 762 721 793 moriendi
735 763 953 794 necessitatem
971 762 1188 804 respondendo
1207 773 1395 793 commemo-

258 822 323 851 ret,
339 815 437 856 quam
452 815 567 846 inania
579 815 643 847 sint
653 816 801 859 magistri
813 816 862 847 sui
872 817 912 847 de
924 817 1105 848 animarum
1119 816 1399 859 transmigratione

258 869 412 911 dogmata
424 870 552 901 videtur
565 871 706 908 edocere,
717 878 748 902 et
754 872 902 912 exemplo
912 882 967 902 mo
976 872 1200 903 demonstrare.
1212 873 1290 902 Hoec
1303 871 1399 912 Igitur

257 924 317 953 ode
329 924 410 954 ‘vere
419 925 558 965 satyrica
568 933 600 956 et
607 925 719 956 contra
728 925 943 968 thlcagoreos
951 925 1068 966 scripta
1083 924 1193 956 haberi
1206 925 1307 963 debet,
1319 936 1397 967 quos

258 978 298 1008 ab
313 978 470 1019 Epicureo
483 986 563 1010 vate
576 979 787 1022 irrisosfitisse
802 980 924 1010 nemini
941 979 1051 1011 miram
1061 980 1175 1022 fieerit.

733 1129 888 1153 NAUTA.

213 1225 269 1260 ΤΕ
283 1223 398 1260 maris
418 1231 454 1260 et
474 1231 583 1260 terrae
606 1233 615 1248 ¹
629 1236 865 1273 numeroque
881 1223 1042 1261 carentis
1061 1237 1184 1261 arenae

291 1285 507 1320 Mensorem
522 1282 719 1329 cohibent,
740 1283 925 1332 Archyta,

214 1343 382 1379 Pulveris
400 1342 527 1392 exigui
547 1345 667 1392 prope
688 1343 774 1379 litus
790 1355 908 1393 parva
923 1342 1108 1380 Matinum

291 1405 454 1439 Munera
474 1416 482 1438 :
503 1415 572 1439 nec
590 1402 796 1453 quidquam
816 1402 886 1440 tibi
904 1402 1059 1452 prodest

263 1543 290 1564 ι.
319 1534 362 1562 Te
389 1532 486 1562 maris
512 1539 543 1562 ec
567 1539 659 1563 tert-ce
673 1543 684 1562 .·
705 1533 776 1563 Pul-

210 1577 364 1609 cherrima
378 1578 540 1609 antithesis
552 1580 558 1608 !
573 1581 624 1609 Tu
636 1580 694 1619 qui
706 1580 777 1608 uni-

208 1635 335 1655 versum
361 1625 472 1655 orbem
499 1625 588 1666 quasi
614 1626 649 1655 in
672 1631 777 1656 mente

209 1670 262 1701 tua
271 1693 280 1709 ,
295 1681 351 1712 per
368 1672 430 1701 vim
446 1670 661 1712 intelligentiae
676 1673 777 1702 couti-

207 1717 324 1754 nubas,
350 1727 453 1754 nunc,
477 1724 538 1747 etc.
557 1734 601 1740 —-
622 1718 778 1748 Numero-

208 1774 269 1805 qne
287 1762 424 1793 carentis
442 1773 548 1793 arenoe
563 1774 574 1792 .·
593 1763 700 1794 subest
712 1763 776 1803 jam

207 1809 337 1850 aliquod
349 1809 513 1839 derisionis
527 1809 680 1839 indicium
689 1821 697 1848 ;
707 1811 778 1850 quis

209 1857 294 1885 enim
319 1857 368 1885 vir
391 1856 540 1896 sapientis
561 1857 689 1886 nomine
713 1855 780 1896 dig-

208 1912 288 1939 nus,
307 1901 380 1932 vere
403 1901 648 1932 innumerabiles
673 1912 780 1932 arenas

209 1948 328 1978 calculo
365 1947 549 1978 submittere
589 1949 779 1978 tentaverit?

211 1994 312 2031 Hinc,
332 1994 418 2035 apud
437 1994 582 2031 Graecos,
599 1992 702 2038 ἄμμον
727 2005 780 2037 με·

212 2040 311 2084 τρεῖν,
333 2050 468 2071 arenam
488 2039 612 2070 emetiri
632 2051 690 2082 per
707 2051 780 2081 pro-

212 2087 371 2124 verbium,
391 2086 430 2117 de
456 2085 597 2128 qualibet
618 2097 651 2117 re
671 2087 779 2117 insane

211 2141 242 2163 et
256 2133 413 2164 inutiliter
429 2131 545 2163 tentata
555 2154 564 2170 ,
579 2133 779 2174 vulgabatur.

211 2179 291 2209 Vide
312 2180 400 2220 Virg.
418 2180 534 2220 Georg.
559 2180 610 2216 ΙΙ,
638 2180 712 2210 103.
734 2195 779 2202 —-

213 2225 367 2256 cohibent
395 2236 406 2255 .·
440 2225 503 2256 tatu
533 2226 684 2266 exiguum
712 2235 780 2265 spa-

212 2273 307 2309 tium,
321 2282 376 2302 sex
387 2294 394 2308 ‚
410 2283 439 2302 v.
456 2281 485 2312 g.
503 2270 621 2311 pedum
634 2271 731 2306 fossa,
749 2277 779 2300 te

829 1534 988 1571 continet,
1006 1543 1102 1574 quem
1116 1534 1224 1563 vivum
1242 1532 1328 1564 orbis
1347 1540 1395 1563 to-

829 1586 880 1609 tus
914 1590 979 1609 non
1006 1579 1148 1620 capiebat
1169 1581 1175 1609 !
1198 1580 1324 1610 Dixerit
1339 1579 1396 1609 ali-

828 1626 918 1665 quis,
937 1627 963 1655 si
980 1626 1112 1664 injectus
1138 1631 1204 1655 erat
1226 1625 1331 1666 pulvis
1346 1635 1396 1656 ca-

829 1671 935 1701 daveri
946 1671 1098 1713 Archytae
1109 1693 1118 1709 ,
1133 1681 1199 1701 nou
1217 1677 1284 1701 erat
1299 1672 1396 1714 igitur

827 1718 1031 1758 insepultum.
1069 1716 1257 1758 Respondet>
1269 1739 1278 1754 ‚
1316 1719 1397 1758 parti

830 1762 951 1794 tantum
977 1764 1119 1804 eorporis
1139 1763 1274 1804 maligne
1299 1763 1398 1803 injec-

830 1817 897 1840 tum
915 1810 1078 1851 pulverem
1105 1819 1139 1839 ac
1164 1809 1258 1850 parce
1284 1809 1397 1848 fuisse,

830 1855 873 1887 itii
895 1863 931 1886 ut
954 1856 1089 1886 maxima
1111 1865 1183 1896 pars
1205 1862 1285 1886 esset
1306 1855 1399 1886 inhu-

831 1909 928 1940 mata3
959 1903 1064 1943 itaque
1095 1901 1156 1931 sub
1185 1900 1283 1931 finem
1313 1900 1398 1939 odae,

831 1948 914 1978 idem
936 1948 1094 1989 Archytas
1115 1953 1184 1977 orat
1207 1953 1336 1977 nautam
1363 1955 1400 1978 ut

832 1993 949 2024 affatim
976 2002 1006 2024 et
1026 1993 1152 2035 largiter
1175 2001 1301 2023 arenam
1326 1993 1398 2032 inji-

833 2041 903 2070 ciat,
918 2040 1019 2071 Aliter
1031 2039 1125 2070 etiam
1138 2037 1288 2080 explicari
1296 2045 1400 2080 potest

831 2086 916 2116 istud
931 2085 1098 2122 cohibeam
1112 2086 1241 2126 nempe,
1261 2085 1336 2126 quia
1349 2095 1397 2115 se-

832 2133 959 2173 pulchri
972 2131 1183 2170 beneficium,
1202 2129 1306 2172 quod,
1323 2128 1398 2161 licet

833 2179 1002 2220 exiguum,
1033 2179 1090 2208 tibi
1120 2185 1224 2208 tamen
1251 2183 1399 2217 negatum

833 2232 896 2263 est,
912 2225 1024 2254 umbra
1047 2231 1120 2260 tua,
1146 2222 1306 2263 insepulto
1329 2232 1399 2252 cor-

832 2281 909 2310 pore
919 2293 927 2307 ‚
942 2277 1070 2314 vagatur
1082 2292 1090 2308 ‚
1107 2276 1199 2310 atque
1215 2268 1380 2299 cohibetur
1390 2290 1399 2304 ,
