1456 2508
510 102 592 134 LIB.
618 102 634 132 1
658 102 748 134 ODE
772 101 849 134 ΧΠ.
1248 103 1290 134 61

69 248 551 262 mmmmmmmm
557 249 1207 263 mmm-mmmwunnmnz
1211 252 1269 264 su
1273 253 1292 263 s

325 381 491 440 ODE
534 379 1035 439 DUODECIMA

422 539 507 583 AD
542 539 933 584 AUGUSTUM.

69 694 140 727 Ode
170 705 325 736 sequens,
350 694 619 736 splendidissimis
637 695 770 726 Horatii
786 695 985 727 carminibus
1008 700 1283 738 annumeranda,

111 748 231 792 scripta
245 749 379 782 videtur
394 750 569 792 aliquanto
581 759 661 792 post
675 750 850 782 Actiacam
863 762 1016 794 pugnam
1026 776 1036 790 ,
1062 764 1126 795 quo
1142 762 1286 796 tempore

72 819 75 822 ⁴
109 812 241 838 senatus
252 805 395 848 jusserat
415 814 452 837 uc
469 805 586 846 hymni
599 808 748 849 Augusto
760 806 897 848 perinde
912 818 953 838 ac
970 807 1031 838 diis
1049 808 1286 842 immortalibus

107 860 328 893 scriberentur.
360 860 500 892 Solenni
520 860 618 904 igilur
639 869 738 892 cantu
768 862 883 892 laudes
903 861 1064 904 principis
1093 865 1287 907 aggreditur

108 923 225 954 vates,
250 926 318 948 non
340 923 451 949 tamen
473 915 584 948 statim
604 925 637 948 et
660 917 701 948 ab
727 918 882 955 exordio,
911 918 973 949 sed
994 918 1042 950 itii
1057 927 1094 950 ut
1104 921 1283 963 postquam

107 973 205 1010 deos,
236 970 370 1018 heroas,
403 983 607 1015 magnosque
636 974 747 1004 Roma·
784 973 875 1003 viros
912 974 1168 1013 enumeraverit,
1197 975 1284 1007 brevi

109 1039 370 1072 unumquemque
379 1029 549 1071 praeconio
566 1029 755 1066 decoratos,
779 1028 832 1059 isti
849 1027 1033 1069 splendidae
1054 1029 1152 1061 seriei
1165 1031 1213 1062 ad
1225 1043 1282 1063 ex·

108 1092 243 1117 tremum
264 1091 424 1116 annectat
438 1086 622 1128 Augustum
641 1092 675 1115 et
695 1083 813 1121 societ,
835 1094 940 1125 neque
958 1083 1061 1115 solicm
1079 1083 1127 1116 sic
1142 1085 1208 1116 illis
1218 1098 1281 1128 pa-

108 1151 176 1174 mm
185 1166 197 1182 ,
216 1142 276 1175 sed
291 1153 354 1174 uno
368 1144 447 1174 Jove
463 1139 650 1184 inferiorem
667 1139 816 1171 celebret.
837 1141 937 1170 Hane
950 1139 1049 1182 igitur
1062 1140 1165 1179 oden,
1186 1141 1280 1174 tantc‘i

106 1196 288 1242 imaginum
303 1198 485 1242 dignitate,
501 1204 594 1228 tanto
603 1206 742 1238 poeseos
757 1203 894 1233 ornatu,
914 1196 982 1228 ῐὰιη
999 1207 1124 1239 magna
1141 1206 1174 1229 et
1187 1199 1280 1230 subli-

107 1252 176 1284 mia
190 1253 388 1296 spirantem,
404 1262 522 1284 'verum
546 1251 703 1292 hymnum
722 1262 791 1282 esse
810 1258 843 1282 et
856 1262 954 1282 unum
976 1262 1020 1282 ex
1042 1251 1081 1282 iis
1095 1264 1176 1295 quos
1190 1265 1282 1285 sena-

103 1308 188 1340 toria
206 1309 358 1342 adulatio
371 1307 636 1351 praescripserat,
658 1317 722 1337 non
741 1306 879 1337 absurde
893 1306 963 1348 quis
974 1308 1228 1349 praesmnpseric.

164 1430 286 1476 Quum
304 1425 434 1463 virum
454 1432 521 1461 aut
540 1421 662 1459 heroa
685 1429 694 1443 ¹
714 1421 797 1471 lyra
817 1421 878 1459 vel
900 1423 979 1459 acri

159 1488 274 1528 Tibia
292 1487 410 1527 sumis
430 1484 647 1530 celebrare,
669 1483 776 1521 Clio?

162 1553 289 1599 Quem
307 1549 458 1588 Deum?
478 1546 588 1598 cujus
609 1545 755 1583 recinet
770 1544 906 1595 jocosa

505 1608 622 1646 Vocis
642 1607 769 1657 imago
789 1614 817 1652 2,

106 1753 134 1774 x.
160 1743 262 1783 Quem
285 1739 395 1772 virum
422 1746 481 1769 aue
505 1736 632 1768 heroa?

52 1791 141 1828 Vtri,
166 1789 224 1832 qni
249 1794 380 1819 caeteros
406 1787 493 1816 cives
514 1785 633 1815 virtute

52 1848 90 1870 ac
116 1836 239 1869 meritis
261 1833 477 1872 anteeeuuut;
501 1831 632 1870 heroes,

50 1883 202 1923 semidei,
215 1884 274 1926 qui
291 1884 328 1914 in
343 1881 426 1913 coelo
445 1878 553 1911 sedem
567 1889 634 1909 me-

49 1938 190 1965 ruerunt
219 1930 380 1963 obtinere,
409 1928 546 1960 Illorum
573 1936 634 1956 nu-

49 1990 158 2018 mero,
186 1977 352 2020 Regulus,
380 1976 499 2008 Paulus
531 1974 632 2005 AEmi-

47 2027 133 2065 lius,
163 2025 352 2065 Fabricius,
387 2031 462 2063 etc.;
491 2022 631 2058 horum,

47 2074 200 2112 Alcides,
241 2072 410 2110 Dioscuri,
450 2068 631 2106 Romulus,

47 2132 191 2166 quorum
213 2119 326 2152 laudes
347 2129 428 2151 mox
450 2116 569 2149 audias.
585 2133 633 2141 -—

47 2167 138 2212 Lyra
159 2167 221 2201 vel
234 2165 314 2199 tibia
331 2178 343 2198 .·
360 2164 498 2207 utruque
521 2164 632 2206 lyricis

47 2216 198 2253 versibus
225 2214 319 2258 aptiq
334 2232 383 2239 —-
397 2213 487 2250 acri,
506 2212 633 2243 fortiter

47 2270 242 2304 resonante,
266 2270 303 2295 ut
325 2264 360 2296 in
379 2260 567 2305 gravissimo
586 2268 633 2290 ar-

177 2334 209 2370 1.

689 1742 844 1778 gumento
859 1734 1084 1766 decen—Clio
1094 1747 1107 1772 ,·
1122 1747 1191 1768 uon
1206 1739 1276 1770 siue

689 1783 818 1813 delectu
842 1781 914 1813 Clio
939 1783 1148 1823 nominatum
1173 1785 1276 1818 histo-

689 1831 745 1861 riae
765 1831 894 1861 Musam
918 1830 1070 1860 invocare
1093 1830 1190 1863 debet
1215 1836 1273 1875 qui

689 1879 777 1909 viros
813 1884 846 1907 et
877 1877 992 1907 heroas
1028 1880 1212 1919 posteritati
1237 1883 1273 1913 in

689 1924 858 1956 annalibus
883 1923 1045 1955 historicis
1064 1928 1272 1960 commenda-

688 1979 738 2004 tos
751 1971 879 2012 jamjizm
898 1979 1078 2014 percurret.

737 2030 770 2052 2.
789 2019 888 2062 Cujus
907 2019 1030 2050 recinet
1041 2019 1158 2062 jocosa
1174 2023 1273 2054 Vocis

688 2067 798 2110 imago
813 2078 824 2097 .·
838 2067 946 2105 Echo,
964 2078 1078 2098 vocem
1101 2075 1134 2099 et
1152 2080 1271 2102 sonum

687 2114 882 2157 quemlibet,
905 2115 998 2156 quasi
1010 2114 1178 2156 jocando,
1198 2117 1270 2149 red-

687 2162 753 2200 dit,
769 2168 994 2204 repraesentat,
1009 2169 1040 2192 et
1054 2161 1128 2193 cum
1141 2172 1271 2205 poetam

688 2209 779 2240 audit
793 2216 962 2241 canentem
972 2231 981 2247 ‚
1001 2210 1077 2240 vere
1094 2217 1126 2241 et
1139 2214 1273 2254 proprie

687 2258 822 2298 recinit3
851 2264 899 2289 est
921 2257 1021 2300 igitur
1042 2264 1081 2288 ut
1102 2259 1274 2300 speculum

1118 2324 1141 2360 6
