<?xml version="1.0" encoding="UTF-8"?>
<!DOCTYPE html PUBLIC "-//W3C//DTD XHTML 1.0 Transitional//EN"
    "http://www.w3.org/TR/xhtml1/DTD/xhtml1-transitional.dtd">
<html xmlns="http://www.w3.org/1999/xhtml" xml:lang="en" lang="en">
 <head>
  <title>
</title>
<meta http-equiv="Content-Type" content="text/html;charset=utf-8" />
  <meta name='ocr-system' content='tesseract 3.04.00' />
  <meta name='ocr-capabilities' content='ocr_page ocr_carea ocr_par ocr_line ocrx_word'/>
</head>
<body>
  <div class='ocr_page' id='page_1' title='image "./quintushoratiusf01horauoft_0062.png"; bbox 0 0 1456 2508; ppageno 0'>
   <div class='ocr_carea' id='block_1_1' title="bbox 207 121 1011 164">
    <p class='ocr_par' dir='ltr' id='par_1_1' title="bbox 207 121 1011 164">
     <span class='ocr_line' id='line_1_1' title="bbox 207 121 1011 164; baseline 0.01 -14"><span class='ocrx_word' id='word_1_1' title='bbox 207 121 247 150; x_wconf 84' lang='lat'><strong>28</strong></span> <span class='ocrx_word' id='word_1_2' title='bbox 587 125 627 164; x_wconf 88' lang='lat' dir='ltr'><strong>Q.</strong></span> <span class='ocrx_word' id='word_1_3' title='bbox 653 124 835 157; x_wconf 71' lang='lat' dir='ltr'><strong>nonATn</strong></span> <span class='ocrx_word' id='word_1_4' title='bbox 859 125 1011 158; x_wconf 71' lang='lat' dir='ltr'><strong>mem</strong></span> 
     </span>
    </p>
   </div>
   <div class='ocr_carea' id='block_1_2' title="bbox 203 238 1394 258">
    <p class='ocr_par' dir='ltr' id='par_1_2' title="bbox 203 238 1394 258">
     <span class='ocr_line' id='line_1_2' title="bbox 203 238 1394 258; baseline 0.008 -9"><span class='ocrx_word' id='word_1_5' title='bbox 203 238 318 250; x_wconf 51' lang='lat' dir='ltr'><strong>§mmm</strong></span> <span class='ocrx_word' id='word_1_6' title='bbox 322 239 1394 258; x_wconf 50' lang='grc' dir='ltr'><strong>ἈιιπὶιὶἱνᾺΜΜΜΜν-ῶΜΜΜΜΜΜΜΜᾺτ</strong></span> 
     </span>
    </p>
   </div>
   <div class='ocr_carea' id='block_1_3' title="bbox 511 390 1089 451">
    <p class='ocr_par' dir='ltr' id='par_1_3' title="bbox 511 390 1089 451">
     <span class='ocr_line' id='line_1_3' title="bbox 511 390 1089 451; baseline 0.003 -5"><span class='ocrx_word' id='word_1_7' title='bbox 511 390 672 447; x_wconf 84' lang='grc' dir='ltr'><strong>ΟΒΕ</strong></span> <span class='ocrx_word' id='word_1_8' title='bbox 716 391 1089 451; x_wconf 86' lang='lat' dir='ltr'><strong>SECUNDA</strong></span> 
     </span>
    </p>
   </div>
   <div class='ocr_carea' id='block_1_4' title="bbox 378 549 1215 598">
    <p class='ocr_par' dir='ltr' id='par_1_4' title="bbox 378 549 1215 598">
     <span class='ocr_line' id='line_1_4' title="bbox 378 549 1215 598; baseline 0.008 -7"><span class='ocrx_word' id='word_1_9' title='bbox 378 549 460 592; x_wconf 90' lang='lat' dir='ltr'><strong>AD</strong></span> <span class='ocrx_word' id='word_1_10' title='bbox 494 549 861 594; x_wconf 88' lang='lat' dir='ltr'><strong>AUGUSTUM</strong></span> <span class='ocrx_word' id='word_1_11' title='bbox 895 552 1215 598; x_wconf 85' lang='lat' dir='ltr'>CAESAREM.</span> 
     </span>
    </p>
   </div>
   <div class='ocr_carea' id='block_1_5' title="bbox 207 727 1393 826">
    <p class='ocr_par' dir='ltr' id='par_1_5' title="bbox 207 727 1393 826">
     <span class='ocr_line' id='line_1_5' title="bbox 207 727 1393 776; baseline 0.007 -19"><span class='ocrx_word' id='word_1_12' title='bbox 207 728 294 758; x_wconf 82' lang='lat' dir='ltr'><em>Deos</em></span> <span class='ocrx_word' id='word_1_13' title='bbox 309 737 418 759; x_wconf 84' lang='lat' dir='ltr'><strong>omnes</strong></span> <span class='ocrx_word' id='word_1_14' title='bbox 433 727 532 759; x_wconf 80' lang='lat' dir='ltr'><strong>iratos</strong></span> <span class='ocrx_word' id='word_1_15' title='bbox 548 739 613 759; x_wconf 84' lang='lat' dir='ltr'><strong>esse</strong></span> <span class='ocrx_word' id='word_1_16' title='bbox 626 729 780 760; x_wconf 81' lang='lat' dir='ltr'><strong>Romanis</strong></span> <span class='ocrx_word' id='word_1_17' title='bbox 798 729 837 759; x_wconf 90' lang='lat' dir='ltr'><strong>ob</strong></span> <span class='ocrx_word' id='word_1_18' title='bbox 853 729 988 760; x_wconf 78' lang='lat' dir='ltr'><strong>Caesaris</strong></span> <span class='ocrx_word' id='word_1_19' title='bbox 1000 731 1139 769; x_wconf 82' lang='lat' dir='ltr'><strong>caedem;</strong></span> <span class='ocrx_word' id='word_1_20' title='bbox 1156 742 1255 764; x_wconf 83' lang='lat' dir='ltr'><strong>unam</strong></span> <span class='ocrx_word' id='word_1_21' title='bbox 1267 733 1393 776; x_wconf 78' lang='lat' dir='ltr'><strong>imperii</strong></span> 
     </span>
     <span class='ocr_line' id='line_1_6' title="bbox 530 783 1068 826; baseline 0.009 -14"><span class='ocrx_word' id='word_1_22' title='bbox 530 794 617 823; x_wconf 79' lang='lat' dir='ltr'><strong>spem</strong></span> <span class='ocrx_word' id='word_1_23' title='bbox 637 783 671 813; x_wconf 86' lang='lat' dir='ltr'><strong>in</strong></span> <span class='ocrx_word' id='word_1_24' title='bbox 690 785 835 826; x_wconf 80' lang='lat' dir='ltr'><strong>Augusto</strong></span> <span class='ocrx_word' id='word_1_25' title='bbox 853 784 1068 818; x_wconf 75' lang='lat' dir='ltr'><em>constitutam.</em></span> 
     </span>
    </p>
   </div>
   <div class='ocr_carea' id='block_1_6' title="bbox 251 875 1391 923">
    <p class='ocr_par' dir='ltr' id='par_1_6' title="bbox 251 875 1391 923">
     <span class='ocr_line' id='line_1_7' title="bbox 251 875 1391 923; baseline 0.005 -17"><span class='ocrx_word' id='word_1_26' title='bbox 251 878 327 907; x_wconf 85' lang='lat' dir='ltr'><strong>Haec</strong></span> <span class='ocrx_word' id='word_1_27' title='bbox 343 875 403 907; x_wconf 89' lang='lat' dir='ltr'><strong>ode</strong></span> <span class='ocrx_word' id='word_1_28' title='bbox 418 876 546 907; x_wconf 85' lang='lat' dir='ltr'><strong>videtur</strong></span> <span class='ocrx_word' id='word_1_29' title='bbox 564 879 680 919; x_wconf 81' lang='lat' dir='ltr'><strong>scripta</strong></span> <span class='ocrx_word' id='word_1_30' title='bbox 704 888 788 908; x_wconf 86' lang='lat' dir='ltr'><strong>anno</strong></span> <span class='ocrx_word' id='word_1_31' title='bbox 813 879 853 909; x_wconf 92' lang='lat' dir='ltr'><strong>U.</strong></span> <span class='ocrx_word' id='word_1_32' title='bbox 872 879 907 909; x_wconf 92' lang='lat' dir='ltr'><strong>C.</strong></span> <span class='ocrx_word' id='word_1_33' title='bbox 928 879 1010 918; x_wconf 82' lang='lat'><strong>732,</strong></span> <span class='ocrx_word' id='word_1_34' title='bbox 1029 890 1095 921; x_wconf 86' lang='lat' dir='ltr'><strong>quo</strong></span> <span class='ocrx_word' id='word_1_35' title='bbox 1119 880 1200 911; x_wconf 80' lang='lat' dir='ltr'><strong>facta</strong></span> <span class='ocrx_word' id='word_1_36' title='bbox 1223 882 1334 923; x_wconf 82' lang='lat' dir='ltr'><strong>ingens</strong></span> <span class='ocrx_word' id='word_1_37' title='bbox 1356 883 1391 912; x_wconf 87' lang='lat' dir='ltr'><strong>in</strong></span> 
     </span>
    </p>
   </div>
   <div class='ocr_carea' id='block_1_7' title="bbox 1162 920 1176 935">
    <p class='ocr_par' dir='ltr' id='par_1_7' title="bbox 1162 920 1176 935">
     <span class='ocr_line' id='line_1_8' title="bbox 1162 920 1176 935; baseline 0 0"><span class='ocrx_word' id='word_1_38' title='bbox 1162 920 1176 935; x_wconf 59' lang='grc' dir='ltr'><em>Ο</em></span> 
     </span>
    </p>
   </div>
   <div class='ocr_carea' id='block_1_8' title="bbox 205 931 1394 1027">
    <p class='ocr_par' dir='ltr' id='par_1_8' title="bbox 205 931 1394 1027">
     <span class='ocr_line' id='line_1_9' title="bbox 205 931 1394 976; baseline 0.004 -14"><span class='ocrx_word' id='word_1_39' title='bbox 205 932 286 973; x_wconf 81' lang='lat' dir='ltr'><strong>agris</strong></span> <span class='ocrx_word' id='word_1_40' title='bbox 300 932 451 963; x_wconf 84' lang='lat' dir='ltr'><strong>Romanis</strong></span> <span class='ocrx_word' id='word_1_41' title='bbox 467 931 591 962; x_wconf 90' lang='lat' dir='ltr'><strong>Tiberis</strong></span> <span class='ocrx_word' id='word_1_42' title='bbox 611 931 795 971; x_wconf 81' lang='lat' dir='ltr'><strong>inundatio,</strong></span> <span class='ocrx_word' id='word_1_43' title='bbox 814 939 845 963; x_wconf 88' lang='lat' dir='ltr'><strong>et</strong></span> <span class='ocrx_word' id='word_1_44' title='bbox 861 940 972 963; x_wconf 83' lang='lat' dir='ltr'><strong>exorta</strong></span> <span class='ocrx_word' id='word_1_45' title='bbox 986 940 1152 976; x_wconf 82' lang='lat' dir='ltr'><strong>tempestas</strong></span> <span class='ocrx_word' id='word_1_46' title='bbox 1169 934 1295 967; x_wconf 60' lang='lat' dir='ltr'><strong>insolita</strong></span> <span class='ocrx_word' id='word_1_47' title='bbox 1311 937 1394 967; x_wconf 82' lang='lat' dir='ltr'><strong>nivis</strong></span> 
     </span>
     <span class='ocr_line' id='line_1_10' title="bbox 205 983 1023 1027; baseline 0.006 -13"><span class='ocrx_word' id='word_1_48' title='bbox 205 983 313 1026; x_wconf 63' lang='lat' dir='ltr'><strong>copiei,</strong></span> <span class='ocrx_word' id='word_1_49' title='bbox 329 984 490 1027; x_wconf 83' lang='lat' dir='ltr'>grandinis</span> <span class='ocrx_word' id='word_1_50' title='bbox 509 992 540 1015; x_wconf 89' lang='lat' dir='ltr'><strong>et</strong></span> <span class='ocrx_word' id='word_1_51' title='bbox 554 985 723 1016; x_wconf 86' lang='lat' dir='ltr'><strong>fulminum</strong></span> <span class='ocrx_word' id='word_1_52' title='bbox 738 987 825 1025; x_wconf 81' lang='lat' dir='ltr'><strong>jactu</strong></span> <span class='ocrx_word' id='word_1_53' title='bbox 841 994 1023 1019; x_wconf 82' lang='lat' dir='ltr'><strong>memorata.</strong></span> 
     </span>
    </p>
   </div>
   <div class='ocr_carea' id='block_1_9' title="bbox 332 1085 1389 1556">
    <p class='ocr_par' dir='ltr' id='par_1_9' title="bbox 332 1085 1389 1556">
     <span class='ocr_line' id='line_1_11' title="bbox 339 1085 1035 1140; baseline -0.001 -11"><span class='ocrx_word' id='word_1_54' title='bbox 339 1095 415 1129; x_wconf 70' lang='lat' dir='ltr'><strong>JAM</strong></span> <span class='ocrx_word' id='word_1_55' title='bbox 432 1089 520 1129; x_wconf 80' lang='lat' dir='ltr'><strong>satis</strong></span> <span class='ocrx_word' id='word_1_56' title='bbox 541 1085 650 1128; x_wconf 57' lang='lat' dir='ltr'><strong>tciris</strong></span> <span class='ocrx_word' id='word_1_57' title='bbox 670 1090 767 1127; x_wconf 86' lang='lat' dir='ltr'><strong>nivis</strong></span> <span class='ocrx_word' id='word_1_58' title='bbox 789 1099 797 1115; x_wconf 88' lang='lat'>¹</span> <span class='ocrx_word' id='word_1_59' title='bbox 815 1099 926 1140; x_wconf 83' lang='lat' dir='ltr'><strong>atque</strong></span> <span class='ocrx_word' id='word_1_60' title='bbox 944 1091 1035 1129; x_wconf 76' lang='lat' dir='ltr'><strong>dirae</strong></span> 
     </span>
     <span class='ocr_line' id='line_1_12' title="bbox 339 1149 1044 1196; baseline 0.001 -9"><span class='ocrx_word' id='word_1_61' title='bbox 339 1150 543 1188; x_wconf 85' lang='lat' dir='ltr'><strong>Grandinis</strong></span> <span class='ocrx_word' id='word_1_62' title='bbox 562 1150 663 1187; x_wconf 84' lang='lat' dir='ltr'>misit</span> <span class='ocrx_word' id='word_1_63' title='bbox 680 1152 808 1196; x_wconf 85' lang='lat' dir='ltr'><strong>Pater,</strong></span> <span class='ocrx_word' id='word_1_64' title='bbox 828 1159 865 1186; x_wconf 84' lang='lat' dir='ltr'><strong>et</strong></span> <span class='ocrx_word' id='word_1_65' title='bbox 883 1149 1044 1188; x_wconf 85' lang='lat' dir='ltr'><strong>rubente</strong></span> 
     </span>
     <span class='ocr_line' id='line_1_13' title="bbox 333 1210 967 1261; baseline 0 -14"><span class='ocrx_word' id='word_1_66' title='bbox 333 1212 500 1248; x_wconf 71' lang='lat' dir='ltr'><strong>Dexterzi</strong></span> <span class='ocrx_word' id='word_1_67' title='bbox 517 1223 642 1248; x_wconf 84' lang='lat' dir='ltr'>sacras</span> <span class='ocrx_word' id='word_1_68' title='bbox 656 1210 843 1261; x_wconf 83' lang='lat' dir='ltr'><strong>jaculatus</strong></span> <span class='ocrx_word' id='word_1_69' title='bbox 863 1223 967 1247; x_wconf 87' lang='lat' dir='ltr'><strong>arces</strong></span> 
     </span>
     <span class='ocr_line' id='line_1_14' title="bbox 514 1269 841 1315; baseline -0.003 -8"><span class='ocrx_word' id='word_1_70' title='bbox 514 1270 666 1307; x_wconf 80' lang='lat' dir='ltr'><strong>Terruit</strong></span> <span class='ocrx_word' id='word_1_71' title='bbox 685 1269 841 1315; x_wconf 86' lang='lat' dir='ltr'><strong>urbem,</strong></span> 
     </span>
     <span class='ocr_line' id='line_1_15' title="bbox 332 1329 1389 1379; baseline -0.001 -12"><span class='ocrx_word' id='word_1_72' title='bbox 332 1329 486 1368; x_wconf 81' lang='lat' dir='ltr'><strong>Terruit</strong></span> <span class='ocrx_word' id='word_1_73' title='bbox 503 1337 516 1351; x_wconf 76' lang='lat'><strong>2</strong></span> <span class='ocrx_word' id='word_1_74' title='bbox 537 1338 683 1379; x_wconf 82' lang='lat' dir='ltr'><strong>gentes,</strong></span> <span class='ocrx_word' id='word_1_75' title='bbox 704 1342 819 1379; x_wconf 82' lang='lat' dir='ltr'><strong>grave</strong></span> <span class='ocrx_word' id='word_1_76' title='bbox 839 1342 886 1366; x_wconf 87' lang='lat' dir='ltr'><strong>ne</strong></span> <span class='ocrx_word' id='word_1_77' title='bbox 905 1329 1047 1367; x_wconf 82' lang='lat' dir='ltr'><strong>rediret</strong></span> <span class='ocrx_word' id='word_1_78' title='bbox 1377 1342 1389 1365; x_wconf 79' lang='lat'>5</span> 
     </span>
     <span class='ocr_line' id='line_1_16' title="bbox 333 1388 1198 1439; baseline 0.001 -13"><span class='ocrx_word' id='word_1_79' title='bbox 333 1389 521 1427; x_wconf 83' lang='lat' dir='ltr'><strong>Saeculum</strong></span> <span class='ocrx_word' id='word_1_80' title='bbox 539 1388 714 1438; x_wconf 83' lang='lat' dir='ltr'><strong>Pyrrhae,</strong></span> <span class='ocrx_word' id='word_1_81' title='bbox 734 1401 833 1425; x_wconf 89' lang='lat' dir='ltr'><strong>nova</strong></span> <span class='ocrx_word' id='word_1_82' title='bbox 852 1397 1020 1426; x_wconf 84' lang='lat' dir='ltr'><strong>monstra</strong></span> <span class='ocrx_word' id='word_1_83' title='bbox 1038 1398 1198 1439; x_wconf 83' lang='lat' dir='ltr'><strong>questae,</strong></span> 
     </span>
     <span class='ocr_line' id='line_1_17' title="bbox 334 1449 1105 1499; baseline 0 -13"><span class='ocrx_word' id='word_1_84' title='bbox 334 1451 456 1487; x_wconf 88' lang='lat' dir='ltr'><strong>Omne</strong></span> <span class='ocrx_word' id='word_1_85' title='bbox 473 1461 591 1499; x_wconf 90' lang='lat' dir='ltr'><strong>quum</strong></span> <span class='ocrx_word' id='word_1_86' title='bbox 610 1451 767 1486; x_wconf 85' lang='lat' dir='ltr'><strong>Proteus</strong></span> <span class='ocrx_word' id='word_1_87' title='bbox 784 1461 899 1499; x_wconf 84' lang='lat' dir='ltr'><strong>pecus</strong></span> <span class='ocrx_word' id='word_1_88' title='bbox 917 1449 993 1499; x_wconf 85' lang='lat' dir='ltr'><strong>egit</strong></span> <span class='ocrx_word' id='word_1_89' title='bbox 1011 1449 1105 1488; x_wconf 86' lang='lat' dir='ltr'><strong>altos</strong></span> 
     </span>
     <span class='ocr_line' id='line_1_18' title="bbox 518 1508 832 1556; baseline 0 -11"><span class='ocrx_word' id='word_1_90' title='bbox 518 1508 649 1546; x_wconf 83' lang='lat' dir='ltr'>Visere</span> <span class='ocrx_word' id='word_1_91' title='bbox 668 1517 832 1556; x_wconf 82' lang='lat' dir='ltr'><strong>montes,</strong></span> 
     </span>
    </p>
   </div>
   <div class='ocr_carea' id='block_1_10' title="bbox 199 1632 771 2280">
    <p class='ocr_par' dir='ltr' id='par_1_10' title="bbox 199 1632 771 2280">
     <span class='ocr_line' id='line_1_19' title="bbox 260 1632 769 1671; baseline -0.004 -7"><span class='ocrx_word' id='word_1_92' title='bbox 260 1645 288 1664; x_wconf 89' lang='lat'><strong>1.</strong></span> <span class='ocrx_word' id='word_1_93' title='bbox 317 1632 407 1663; x_wconf 77' lang='lat' dir='ltr'><strong>Nivis</strong></span> <span class='ocrx_word' id='word_1_94' title='bbox 433 1643 445 1662; x_wconf 88' lang='lat'><strong>.·</strong></span> <span class='ocrx_word' id='word_1_95' title='bbox 473 1634 580 1663; x_wconf 86' lang='lat' dir='ltr'><strong>nivem</strong></span> <span class='ocrx_word' id='word_1_96' title='bbox 611 1633 769 1671; x_wconf 84' lang='lat' dir='ltr'><strong>advertit,</strong></span> 
     </span>
     <span class='ocr_line' id='line_1_20' title="bbox 202 1677 769 1722; baseline -0.005 -11"><span class='ocrx_word' id='word_1_97' title='bbox 202 1679 277 1722; x_wconf 60' lang='lat' dir='ltr'><strong>qui&amp;</strong></span> <span class='ocrx_word' id='word_1_98' title='bbox 300 1677 413 1720; x_wconf 74' lang='lat' dir='ltr'><strong>parum</strong></span> <span class='ocrx_word' id='word_1_99' title='bbox 437 1679 584 1719; x_wconf 83' lang='lat' dir='ltr'>frequens</span> <span class='ocrx_word' id='word_1_100' title='bbox 609 1680 643 1709; x_wconf 87' lang='lat' dir='ltr'><strong>iu</strong></span> <span class='ocrx_word' id='word_1_101' title='bbox 669 1678 769 1717; x_wconf 84' lang='lat' dir='ltr'><strong>urbe,</strong></span> 
     </span>
     <span class='ocr_line' id='line_1_21' title="bbox 201 1725 769 1769; baseline -0.004 -13"><span class='ocrx_word' id='word_1_102' title='bbox 201 1725 339 1769; x_wconf 84' lang='lat' dir='ltr'><strong>prodigii</strong></span> <span class='ocrx_word' id='word_1_103' title='bbox 370 1726 440 1755; x_wconf 89' lang='lat' dir='ltr'><strong>loco</strong></span> <span class='ocrx_word' id='word_1_104' title='bbox 463 1725 554 1755; x_wconf 65' lang='lat' dir='ltr'><strong>facile</strong></span> <span class='ocrx_word' id='word_1_105' title='bbox 580 1725 690 1755; x_wconf 83' lang='lat' dir='ltr'><strong>haberi</strong></span> <span class='ocrx_word' id='word_1_106' title='bbox 712 1735 769 1766; x_wconf 89' lang='lat' dir='ltr'><strong>po-</strong></span> 
     </span>
     <span class='ocr_line' id='line_1_22' title="bbox 199 1770 769 1814; baseline -0.005 -9"><span class='ocrx_word' id='word_1_107' title='bbox 199 1780 269 1805; x_wconf 82' lang='lat' dir='ltr'><strong>test.</strong></span> <span class='ocrx_word' id='word_1_108' title='bbox 288 1789 336 1796; x_wconf 92' lang='lat'><strong>—-</strong></span> <span class='ocrx_word' id='word_1_109' title='bbox 358 1770 448 1802; x_wconf 78' lang='lat' dir='ltr'><strong>Diroe</strong></span> <span class='ocrx_word' id='word_1_110' title='bbox 468 1771 638 1814; x_wconf 77' lang='lat' dir='ltr'><strong>grandinis</strong></span> <span class='ocrx_word' id='word_1_111' title='bbox 646 1783 660 1808; x_wconf 91' lang='lat'><em>;</em></span> <span class='ocrx_word' id='word_1_112' title='bbox 690 1772 769 1802; x_wconf 89' lang='lat' dir='ltr'><strong>omi-</strong></span> 
     </span>
     <span class='ocr_line' id='line_1_23' title="bbox 201 1817 768 1859; baseline -0.007 -8"><span class='ocrx_word' id='word_1_113' title='bbox 201 1829 303 1857; x_wconf 85' lang='lat' dir='ltr'><strong>nosae,</strong></span> <span class='ocrx_word' id='word_1_114' title='bbox 319 1824 350 1848; x_wconf 88' lang='lat' dir='ltr'><strong>et</strong></span> <span class='ocrx_word' id='word_1_115' title='bbox 368 1817 525 1848; x_wconf 78' lang='lat' dir='ltr'><strong>coelestem</strong></span> <span class='ocrx_word' id='word_1_116' title='bbox 542 1819 621 1848; x_wconf 82' lang='lat' dir='ltr'><strong>iram</strong></span> <span class='ocrx_word' id='word_1_117' title='bbox 638 1823 768 1859; x_wconf 85' lang='lat' dir='ltr'><strong>porten-</strong></span> 
     </span>
     <span class='ocr_line' id='line_1_24' title="bbox 199 1863 768 1902; baseline -0.007 -5"><span class='ocrx_word' id='word_1_118' title='bbox 199 1865 313 1898; x_wconf 75' lang='lat' dir='ltr'><strong>dentis.</strong></span> <span class='ocrx_word' id='word_1_119' title='bbox 341 1863 461 1895; x_wconf 89' lang='lat' dir='ltr'><strong>Eodem</strong></span> <span class='ocrx_word' id='word_1_120' title='bbox 490 1875 600 1902; x_wconf 86' lang='lat' dir='ltr'><strong>seusu,</strong></span> <span class='ocrx_word' id='word_1_121' title='bbox 629 1871 661 1894; x_wconf 90' lang='lat' dir='ltr'><strong>et</strong></span> <span class='ocrx_word' id='word_1_122' title='bbox 690 1863 768 1893; x_wconf 89' lang='lat' dir='ltr'><strong>caedi</strong></span> 
     </span>
     <span class='ocr_line' id='line_1_25' title="bbox 200 1910 769 1951; baseline -0.005 -7"><span class='ocrx_word' id='word_1_123' title='bbox 200 1912 328 1945; x_wconf 74' lang='lat' dir='ltr'><strong>caesaris</strong></span> <span class='ocrx_word' id='word_1_124' title='bbox 354 1910 498 1941; x_wconf 84' lang='lat' dir='ltr'>alludens</span> <span class='ocrx_word' id='word_1_125' title='bbox 523 1911 640 1951; x_wconf 84' lang='lat' dir='ltr'><strong>pariter</strong></span> <span class='ocrx_word' id='word_1_126' title='bbox 664 1911 769 1951; x_wconf 82' lang='lat' dir='ltr'><strong>Virgi-</strong></span> 
     </span>
     <span class='ocr_line' id='line_1_26' title="bbox 200 1955 768 1998; baseline -0.011 -7"><span class='ocrx_word' id='word_1_127' title='bbox 200 1960 282 1996; x_wconf 84' lang='lat' dir='ltr'><strong>lius,</strong></span> <span class='ocrx_word' id='word_1_128' title='bbox 305 1957 423 1998; x_wconf 84' lang='lat' dir='ltr'><strong>Georg.</strong></span> <span class='ocrx_word' id='word_1_129' title='bbox 445 1959 478 1994; x_wconf 90' lang='grc' dir='ltr'><strong>Ι,</strong></span> <span class='ocrx_word' id='word_1_130' title='bbox 499 1957 563 1992; x_wconf 78' lang='grc'><strong>488</strong></span> <span class='ocrx_word' id='word_1_131' title='bbox 587 1967 594 1988; x_wconf 89' lang='lat'>:</span> <span class='ocrx_word' id='word_1_132' title='bbox 617 1958 684 1987; x_wconf 89' lang='lat' dir='ltr'><strong>Nec</strong></span> <span class='ocrx_word' id='word_1_133' title='bbox 706 1955 768 1986; x_wconf 86' lang='lat' dir='ltr'><strong>diri</strong></span> 
     </span>
     <span class='ocr_line' id='line_1_27' title="bbox 200 2003 763 2039; baseline -0.011 -2"><span class='ocrx_word' id='word_1_134' title='bbox 200 2003 291 2037; x_wconf 78' lang='lat' dir='ltr'><strong>toties</strong></span> <span class='ocrx_word' id='word_1_135' title='bbox 306 2013 413 2034; x_wconf 78' lang='lat' dir='ltr'><strong>arsere</strong></span> <span class='ocrx_word' id='word_1_136' title='bbox 427 2010 570 2034; x_wconf 76' lang='lat' dir='ltr'><strong>cometae.</strong></span> <span class='ocrx_word' id='word_1_137' title='bbox 586 2020 634 2026; x_wconf 91' lang='lat'><strong>-—</strong></span> <span class='ocrx_word' id='word_1_138' title='bbox 651 2005 763 2039; x_wconf 81' lang='lat' dir='ltr'><strong>Pater,</strong></span> 
     </span>
     <span class='ocr_line' id='line_1_28' title="bbox 201 2046 769 2093; baseline -0.011 -10"><span class='ocrx_word' id='word_1_139' title='bbox 201 2052 339 2093; x_wconf 81' lang='lat' dir='ltr'>Jupiter.</span> <span class='ocrx_word' id='word_1_140' title='bbox 367 2067 415 2073; x_wconf 89' lang='lat'>—</span> <span class='ocrx_word' id='word_1_141' title='bbox 443 2049 584 2079; x_wconf 75' lang='lat' dir='ltr'><strong>Rubence</strong></span> <span class='ocrx_word' id='word_1_142' title='bbox 613 2046 769 2084; x_wconf 72' lang='lat' dir='ltr'><strong>dexterd;</strong></span> 
     </span>
     <span class='ocr_line' id='line_1_29' title="bbox 201 2094 771 2137; baseline -0.009 -7"><span class='ocrx_word' id='word_1_143' title='bbox 201 2108 299 2130; x_wconf 84' lang='lat' dir='ltr'><strong>manu</strong></span> <span class='ocrx_word' id='word_1_144' title='bbox 323 2095 491 2137; x_wconf 81' lang='lat' dir='ltr'><strong>splendore</strong></span> <span class='ocrx_word' id='word_1_145' title='bbox 515 2095 657 2126; x_wconf 82' lang='lat' dir='ltr'><strong>fulminis</strong></span> <span class='ocrx_word' id='word_1_146' title='bbox 682 2094 771 2135; x_wconf 88' lang='lat' dir='ltr'><strong>quod</strong></span> 
     </span>
     <span class='ocr_line' id='line_1_30' title="bbox 203 2140 770 2181; baseline -0.012 -5"><span class='ocrx_word' id='word_1_147' title='bbox 203 2150 289 2176; x_wconf 86' lang='lat' dir='ltr'><strong>tenet</strong></span> <span class='ocrx_word' id='word_1_148' title='bbox 311 2140 460 2172; x_wconf 53' lang='lat' dir='ltr'><strong>irradiata</strong></span> <span class='ocrx_word' id='word_1_149' title='bbox 479 2150 488 2174; x_wconf 73' lang='grc' dir='ltr'><strong><em>ι</em></strong></span> <span class='ocrx_word' id='word_1_150' title='bbox 505 2141 614 2171; x_wconf 66' lang='lat' dir='ltr'><strong>ornate</strong></span> <span class='ocrx_word' id='word_1_151' title='bbox 642 2146 673 2170; x_wconf 90' lang='lat' dir='ltr'><strong>et</strong></span> <span class='ocrx_word' id='word_1_152' title='bbox 701 2151 770 2181; x_wconf 78' lang='lat' dir='ltr'>gra-</span> 
     </span>
     <span class='ocr_line' id='line_1_31' title="bbox 199 2186 769 2234; baseline -0.011 -12"><span class='ocrx_word' id='word_1_153' title='bbox 199 2190 304 2234; x_wconf 74' lang='lat' dir='ltr'><strong>phice.</strong></span> <span class='ocrx_word' id='word_1_154' title='bbox 315 2206 363 2212; x_wconf 89' lang='lat'><strong>—-</strong></span> <span class='ocrx_word' id='word_1_155' title='bbox 369 2189 485 2218; x_wconf 84' lang='lat' dir='ltr'><em>Sacras</em></span> <span class='ocrx_word' id='word_1_156' title='bbox 489 2186 651 2229; x_wconf 84' lang='lat' dir='ltr'><strong>jaculatus</strong></span> <span class='ocrx_word' id='word_1_157' title='bbox 659 2197 748 2217; x_wconf 83' lang='lat' dir='ltr'><em>arces</em></span> <span class='ocrx_word' id='word_1_158' title='bbox 757 2198 769 2216; x_wconf 89' lang='lat'><em>:</em></span> 
     </span>
     <span class='ocr_line' id='line_1_32' title="bbox 199 2231 769 2280; baseline -0.009 -12"><span class='ocrx_word' id='word_1_159' title='bbox 199 2231 322 2280; x_wconf 57' lang='lat' dir='ltr'><strong>poetici</strong></span> <span class='ocrx_word' id='word_1_160' title='bbox 339 2234 456 2277; x_wconf 82' lang='lat' dir='ltr'><strong>ellipsi,</strong></span> <span class='ocrx_word' id='word_1_161' title='bbox 473 2233 551 2271; x_wconf 77' lang='lat' dir='ltr'><strong>dicit</strong></span> <span class='ocrx_word' id='word_1_162' title='bbox 560 2232 705 2276; x_wconf 82' lang='lat' dir='ltr'><strong>jaculari</strong></span> <span class='ocrx_word' id='word_1_163' title='bbox 718 2243 769 2264; x_wconf 83' lang='lat' dir='ltr'><strong>ar-</strong></span> 
     </span>
    </p>
   </div>
   <div class='ocr_carea' id='block_1_11' title="bbox 819 1631 1426 2276">
    <p class='ocr_par' dir='ltr' id='par_1_11' title="bbox 822 1631 1390 1801">
     <span class='ocr_line' id='line_1_33' title="bbox 823 1631 1390 1673; baseline 0.005 -11"><span class='ocrx_word' id='word_1_164' title='bbox 823 1643 874 1662; x_wconf 85' lang='lat' dir='ltr'><strong>ces</strong></span> <span class='ocrx_word' id='word_1_165' title='bbox 891 1643 964 1673; x_wconf 84' lang='lat' dir='ltr'><strong>pro,</strong></span> <span class='ocrx_word' id='word_1_166' title='bbox 981 1642 1070 1662; x_wconf 81' lang='lat' dir='ltr'><strong>arces</strong></span> <span class='ocrx_word' id='word_1_167' title='bbox 1084 1632 1170 1671; x_wconf 79' lang='lat' dir='ltr'><strong>jactu</strong></span> <span class='ocrx_word' id='word_1_168' title='bbox 1188 1631 1329 1664; x_wconf 81' lang='lat' dir='ltr'><strong>fulminis</strong></span> <span class='ocrx_word' id='word_1_169' title='bbox 1347 1634 1390 1665; x_wconf 83' lang='lat' dir='ltr'><strong>fe-</strong></span> 
     </span>
     <span class='ocr_line' id='line_1_34' title="bbox 822 1677 1388 1719; baseline 0.007 -12"><span class='ocrx_word' id='word_1_170' title='bbox 822 1679 895 1709; x_wconf 87' lang='lat' dir='ltr'><strong>rire.</strong></span> <span class='ocrx_word' id='word_1_171' title='bbox 912 1680 961 1709; x_wconf 86' lang='lat' dir='ltr'><strong>sic</strong></span> <span class='ocrx_word' id='word_1_172' title='bbox 977 1677 1129 1716; x_wconf 76' lang='lat' dir='ltr'><strong>Ovidius,</strong></span> <span class='ocrx_word' id='word_1_173' title='bbox 1147 1678 1259 1709; x_wconf 84' lang='lat' dir='ltr'><strong>Amor.</strong></span> <span class='ocrx_word' id='word_1_174' title='bbox 1273 1681 1340 1718; x_wconf 92' lang='lat'>111,</span> <span class='ocrx_word' id='word_1_175' title='bbox 1358 1682 1388 1719; x_wconf 85' lang='grc'><strong>3,</strong></span> 
     </span>
     <span class='ocr_line' id='line_1_35' title="bbox 824 1723 1388 1768; baseline 0.005 -14"><span class='ocrx_word' id='word_1_176' title='bbox 824 1725 867 1754; x_wconf 85' lang='grc'><strong>35</strong></span> <span class='ocrx_word' id='word_1_177' title='bbox 882 1734 890 1755; x_wconf 76' lang='grc' dir='ltr'><strong><em>ε</em></strong></span> <span class='ocrx_word' id='word_1_178' title='bbox 906 1725 1031 1765; x_wconf 79' lang='lat' dir='ltr'><strong>Jupiter</strong></span> <span class='ocrx_word' id='word_1_179' title='bbox 1042 1723 1116 1765; x_wconf 80' lang='lat' dir='ltr'><strong>igne</strong></span> <span class='ocrx_word' id='word_1_180' title='bbox 1129 1735 1184 1754; x_wconf 81' lang='lat' dir='ltr'><strong>suo</strong></span> <span class='ocrx_word' id='word_1_181' title='bbox 1199 1725 1286 1756; x_wconf 82' lang='lat' dir='ltr'><strong>lucos</strong></span> <span class='ocrx_word' id='word_1_182' title='bbox 1296 1725 1388 1768; x_wconf 83' lang='lat' dir='ltr'><strong>jacu-</strong></span> 
     </span>
     <span class='ocr_line' id='line_1_36' title="bbox 823 1771 1064 1801; baseline 0 -1"><span class='ocrx_word' id='word_1_183' title='bbox 823 1771 910 1801; x_wconf 81' lang='lat' dir='ltr'><strong>latur</strong></span> <span class='ocrx_word' id='word_1_184' title='bbox 921 1779 952 1801; x_wconf 83' lang='lat' dir='ltr'><strong>cc</strong></span> <span class='ocrx_word' id='word_1_185' title='bbox 965 1781 1064 1801; x_wconf 77' lang='lat' dir='ltr'><strong>arces.</strong></span> 
     </span>
    </p>

    <p class='ocr_par' dir='ltr' id='par_1_12' title="bbox 819 1814 1426 2276">
     <span class='ocr_line' id='line_1_37' title="bbox 870 1814 1390 1858; baseline 0.002 -10"><span class='ocrx_word' id='word_1_186' title='bbox 870 1827 900 1848; x_wconf 81' lang='lat'><strong>2.</strong></span> <span class='ocrx_word' id='word_1_187' title='bbox 924 1817 1168 1858; x_wconf 16' lang='lat' dir='ltr'><strong>Temu&#39;trgemes</strong></span> <span class='ocrx_word' id='word_1_188' title='bbox 1180 1827 1192 1847; x_wconf 91' lang='lat'><em>:</em></span> <span class='ocrx_word' id='word_1_189' title='bbox 1206 1814 1280 1848; x_wconf 74' lang='lat' dir='ltr'><strong>cum</strong></span> <span class='ocrx_word' id='word_1_190' title='bbox 1298 1819 1330 1848; x_wconf 84' lang='lat' dir='ltr'><strong>vi</strong></span> <span class='ocrx_word' id='word_1_191' title='bbox 1342 1829 1390 1849; x_wconf 85' lang='lat' dir='ltr'><strong>re-</strong></span> 
     </span>
     <span class='ocr_line' id='line_1_38' title="bbox 821 1862 1388 1903; baseline 0.004 -10"><span class='ocrx_word' id='word_1_192' title='bbox 821 1864 917 1903; x_wconf 82' lang='lat' dir='ltr'><strong>petita</strong></span> <span class='ocrx_word' id='word_1_193' title='bbox 931 1874 995 1894; x_wconf 79' lang='lat' dir='ltr'><strong>vox</strong></span> <span class='ocrx_word' id='word_1_194' title='bbox 1009 1863 1117 1893; x_wconf 80' lang='lat' dir='ltr'><strong>terruit</strong></span> <span class='ocrx_word' id='word_1_195' title='bbox 1122 1875 1135 1900; x_wconf 89' lang='lat'><em>;</em></span> <span class='ocrx_word' id='word_1_196' title='bbox 1146 1862 1179 1893; x_wconf 88' lang='lat' dir='ltr'><strong>id</strong></span> <span class='ocrx_word' id='word_1_197' title='bbox 1191 1869 1253 1901; x_wconf 89' lang='lat' dir='ltr'><strong>est,</strong></span> <span class='ocrx_word' id='word_1_198' title='bbox 1267 1870 1388 1895; x_wconf 87' lang='lat' dir='ltr'><strong>metum</strong></span> 
     </span>
     <span class='ocr_line' id='line_1_39' title="bbox 819 1908 1393 1950; baseline 0.003 -11"><span class='ocrx_word' id='word_1_199' title='bbox 819 1909 927 1948; x_wconf 84' lang='lat' dir='ltr'><strong>injecit</strong></span> <span class='ocrx_word' id='word_1_200' title='bbox 940 1908 1086 1950; x_wconf 80' lang='lat' dir='ltr'><strong>gentibus</strong></span> <span class='ocrx_word' id='word_1_201' title='bbox 1096 1931 1104 1947; x_wconf 92' lang='lat'><em>‚</em></span> <span class='ocrx_word' id='word_1_202' title='bbox 1121 1919 1209 1942; x_wconf 64' lang='lat' dir='ltr'><strong>nem.</strong></span> <span class='ocrx_word' id='word_1_203' title='bbox 1222 1927 1270 1934; x_wconf 89' lang='lat'><strong>--</strong></span> <span class='ocrx_word' id='word_1_204' title='bbox 1290 1911 1393 1942; x_wconf 78' lang='lat' dir='ltr'><strong>Saecu-</strong></span> 
     </span>
     <span class='ocr_line' id='line_1_40' title="bbox 820 1955 1426 1995; baseline 0.005 -11"><span class='ocrx_word' id='word_1_205' title='bbox 820 1955 884 1985; x_wconf 80' lang='lat' dir='ltr'><strong>lum</strong></span> <span class='ocrx_word' id='word_1_206' title='bbox 899 1955 1030 1995; x_wconf 76' lang='lat' dir='ltr'><em>Pyrrha:</em></span> <span class='ocrx_word' id='word_1_207' title='bbox 1039 1966 1052 1984; x_wconf 90' lang='lat'><strong>.·</strong></span> <span class='ocrx_word' id='word_1_208' title='bbox 1070 1956 1271 1987; x_wconf 85' lang='lat' dir='ltr'><strong>notissimum</strong></span> <span class='ocrx_word' id='word_1_209' title='bbox 1293 1957 1328 1987; x_wconf 79' lang='lat' dir='ltr'><strong>in</strong></span> <span class='ocrx_word' id='word_1_210' title='bbox 1345 1957 1391 1987; x_wconf 83' lang='lat' dir='ltr'><strong>fa·</strong></span> <span class='ocrx_word' id='word_1_211' title='bbox 1423 1960 1426 1965; x_wconf 97' lang='grc'><strong>’</strong></span> 
     </span>
     <span class='ocr_line' id='line_1_41' title="bbox 819 2001 1390 2044; baseline 0.004 -12"><span class='ocrx_word' id='word_1_212' title='bbox 819 2001 903 2032; x_wconf 83' lang='lat' dir='ltr'><strong>bulis</strong></span> <span class='ocrx_word' id='word_1_213' title='bbox 912 2002 1113 2032; x_wconf 85' lang='lat' dir='ltr'><strong>Deucalionis</strong></span> <span class='ocrx_word' id='word_1_214' title='bbox 1126 2008 1157 2032; x_wconf 86' lang='lat' dir='ltr'><strong>et</strong></span> <span class='ocrx_word' id='word_1_215' title='bbox 1166 2002 1297 2044; x_wconf 83' lang='lat' dir='ltr'>Pyrrhae</span> <span class='ocrx_word' id='word_1_216' title='bbox 1309 2013 1390 2034; x_wconf 80' lang='lat' dir='ltr'><strong>uxo-</strong></span> 
     </span>
     <span class='ocr_line' id='line_1_42' title="bbox 822 2048 1391 2087; baseline 0.002 -9"><span class='ocrx_word' id='word_1_217' title='bbox 822 2049 864 2078; x_wconf 83' lang='lat' dir='ltr'><strong>ris</strong></span> <span class='ocrx_word' id='word_1_218' title='bbox 877 2049 944 2087; x_wconf 80' lang='lat' dir='ltr'><strong>ejus</strong></span> <span class='ocrx_word' id='word_1_219' title='bbox 956 2048 1125 2078; x_wconf 79' lang='lat' dir='ltr'><strong>diluvium.</strong></span> <span class='ocrx_word' id='word_1_220' title='bbox 1137 2065 1185 2071; x_wconf 90' lang='lat'>—</span> <span class='ocrx_word' id='word_1_221' title='bbox 1199 2049 1291 2080; x_wconf 75' lang='lat' dir='ltr'><strong>,Nova</strong></span> <span class='ocrx_word' id='word_1_222' title='bbox 1303 2059 1391 2079; x_wconf 87' lang='lat' dir='ltr'><strong>mon-</strong></span> 
     </span>
     <span class='ocr_line' id='line_1_43' title="bbox 821 2092 1388 2134; baseline 0.005 -11"><span class='ocrx_word' id='word_1_223' title='bbox 821 2101 887 2124; x_wconf 79' lang='lat' dir='ltr'><strong>stra</strong></span> <span class='ocrx_word' id='word_1_224' title='bbox 915 2104 926 2123; x_wconf 89' lang='grc'><strong>.·</strong></span> <span class='ocrx_word' id='word_1_225' title='bbox 956 2105 1004 2124; x_wconf 83' lang='lat' dir='ltr'><strong>res</strong></span> <span class='ocrx_word' id='word_1_226' title='bbox 1035 2092 1186 2124; x_wconf 67' lang='lat' dir='ltr'><strong>hactenus</strong></span> <span class='ocrx_word' id='word_1_227' title='bbox 1211 2095 1370 2126; x_wconf 78' lang='lat' dir='ltr'><strong>inauditas</strong></span> <span class='ocrx_word' id='word_1_228' title='bbox 1379 2117 1388 2134; x_wconf 91' lang='lat'><strong>,</strong></span> 
     </span>
     <span class='ocr_line' id='line_1_44' title="bbox 822 2140 1390 2182; baseline 0.004 -12"><span class='ocrx_word' id='word_1_229' title='bbox 822 2150 892 2181; x_wconf 85' lang='lat' dir='ltr'><strong>quae</strong></span> <span class='ocrx_word' id='word_1_230' title='bbox 907 2150 984 2171; x_wconf 81' lang='lat' dir='ltr'><strong>mox</strong></span> <span class='ocrx_word' id='word_1_231' title='bbox 1002 2140 1211 2171; x_wconf 86' lang='lat' dir='ltr'><strong>enumerabit.</strong></span> <span class='ocrx_word' id='word_1_232' title='bbox 1225 2158 1273 2165; x_wconf 89' lang='lat'><em>-</em></span> <span class='ocrx_word' id='word_1_233' title='bbox 1293 2143 1390 2182; x_wconf 83' lang='lat' dir='ltr'><strong>Ques-</strong></span> 
     </span>
     <span class='ocr_line' id='line_1_45' title="bbox 823 2186 1391 2218; baseline 0.002 -2"><span class='ocrx_word' id='word_1_234' title='bbox 823 2193 865 2216; x_wconf 75' lang='grc' dir='ltr'><strong>τοι·</strong></span> <span class='ocrx_word' id='word_1_235' title='bbox 881 2197 893 2216; x_wconf 93' lang='grc'><strong>.·</strong></span> <span class='ocrx_word' id='word_1_236' title='bbox 912 2188 1061 2217; x_wconf 85' lang='lat' dir='ltr'><strong>monstris</strong></span> <span class='ocrx_word' id='word_1_237' title='bbox 1086 2186 1285 2218; x_wconf 82' lang='lat' dir='ltr'><strong>muliebriter</strong></span> <span class='ocrx_word' id='word_1_238' title='bbox 1311 2193 1391 2217; x_wconf 80' lang='lat' dir='ltr'><strong>atto·</strong></span> 
     </span>
     <span class='ocr_line' id='line_1_46' title="bbox 821 2233 1389 2276; baseline 0.002 -13"><span class='ocrx_word' id='word_1_239' title='bbox 821 2233 906 2264; x_wconf 86' lang='lat' dir='ltr'><strong>uitae.</strong></span> <span class='ocrx_word' id='word_1_240' title='bbox 921 2250 968 2258; x_wconf 87' lang='lat'><strong>—-</strong></span> <span class='ocrx_word' id='word_1_241' title='bbox 981 2235 1129 2270; x_wconf 79' lang='lat' dir='ltr'><strong>Proteus,</strong></span> <span class='ocrx_word' id='word_1_242' title='bbox 1155 2233 1298 2275; x_wconf 85' lang='lat' dir='ltr'><strong>Neptuni</strong></span> <span class='ocrx_word' id='word_1_243' title='bbox 1320 2243 1389 2276; x_wconf 82' lang='lat' dir='ltr'>pas-</span> 
     </span>
    </p>
   </div>
  </div>
 </body>
</html>
