1456 2508
497 139 578 170 Lm.
602 138 637 169 11
661 137 750 170 ODE
772 136 902 169 xvm.
1262 140 1327 162 211

218 195 386 248 Pauperi
403 195 619 234 recluditur

321 261 549 309 Regumque
566 258 698 309 pueris
717 267 746 286 ¹0
763 272 772 294 :
791 269 863 295 nec
879 254 1029 294 satelles
1045 254 1140 293 Orci

217 319 407 359 Callidum
424 319 654 357 Promethea
1297 323 1328 348 ³⁵

324 380 490 418 Revexit
504 409 515 427 ‚
536 393 632 417 auro
652 389 799 431 captus.
821 379 895 418 Hic
912 377 1126 430 superbum

216 441 439 488 Tantalum,
459 450 574 492 atque
590 441 744 478 Tantali

327 506 458 541 Genus
475 505 627 539 coercet
643 516 652 538 :
673 500 738 538 hic
756 502 885 539 levare
906 501 1080 538 functum

217 567 433 616 Pauperem
448 563 648 602 laboribus
656 592 666 611 ,

323 629 493 664 Vocatus
513 634 630 676 atque
649 638 727 663 non
742 632 923 673 vocatus,
939 624 1060 663 audit.
1298 632 1330 659 ⁴0

112 755 234 793 ΡοῑῚ-ὸ,
246 753 329 799 fitu’s
351 754 387 784 in
413 760 555 796 utroque
575 765 691 796 genere

113 808 300 844 usurpatur.

166 859 220 880 10.
238 850 349 891 AEqua
368 849 463 879 tellus
483 847 625 890 pauperi
642 858 692 878 re-

114 895 269 933 cluditur,
313 898 501 938 Regmnque
551 894 661 936 pueris
681 906 693 925 :

114 943 188 975 vide
203 943 267 976 Od.
284 946 318 982 1,
335 949 371 982 4,
395 945 444 974 13.
463 944 593 984 AEqmz,
613 953 692 983 pro,

115 991 219 1033 mque.
228 1009 275 1015 —-
285 990 424 1021 Satelles
435 990 513 1021 Orci
522 1001 533 1020 .·
545 989 673 1021 Charon
685 1012 694 1027 ‚

115 1040 173 1080 qui
187 1039 307 1069 animas
324 1036 382 1068 sua
403 1038 519 1080 cymba
535 1045 695 1068 transvec-

117 1092 174 1126 tas·
193 1084 362 1127 nunqnam
393 1085 528 1116 revehit.
545 1102 593 1107 —
604 1088 695 1114 Auro

116 1139 230 1174 captus
241 1143 253 1163 .·
268 1132 308 1163 de
331 1130 392 1162 hac
408 1133 591 1163 narratione
614 1131 697 1161 nihil

117 1179 249 1211 aliunde
271 1185 417 1218 constat3
433 1186 624 1221 supponunt
643 1178 693 1208 in-

115 1233 289 1268 terpretes,
309 1227 460 1257 Graecum
487 1232 615 1267 poetam
638 1224 695 1255 ali-

118 1284 214 1316 quem
223 1296 232 1312 ‚
246 1272 392 1316 figmenti
407 1273 506 1312 hujus
520 1279 694 1309 auctorem,

115 1322 251 1352 Horatio
264 1321 437 1362 praeivisse.
453 1323 516 1351 Res
534 1320 641 1351 autem
656 1319 697 1350 ad

117 1369 266 1400 eni-minis
286 1368 338 1398 sui
360 1375 588 1410 argumentum
614 1367 696 1397 bene

118 1414 367 1447 accommodata.
378 1415 497 1446 Probat
503 1425 618 1445 aurum
628 1415 697 1445 nul-

117 1462 180 1494 lius
187 1473 253 1493 esse
261 1462 467 1493 commodiin
475 1462 599 1499 Inferis,
607 1461 697 1503 quod

117 1510 154 1540 in
163 1507 246 1541 terra
261 1517 356 1540 amat
362 1520 426 1551 per
442 1509 564 1540 medios
580 1508 625 1539 ire
643 1519 696 1539 sa-

118 1556 254 1594 tellices,
271 1556 355 1587 infra
388 1556 450 1588 Od.
477 1558 546 1594 111,
578 1557 637 1594 16,
664 1567 696 1597 9.

118 1604 245 1636 Tartari
286 1603 434 1640 satelles,
477 1605 696 1645 incorruptus·

118 1651 204 1683 Oitat
220 1651 309 1682 illico
326 1651 503 1682 Tantalum
527 1658 558 1682 et
570 1651 697 1682 Tantali

119 1708 239 1740 genus,
257 1697 375 1740 opibus
391 1705 446 1729 aut
459 1697 591 1729 avaritia
605 1699 640 1728 in
653 1698 697 1728 sa-

118 1744 206 1775 bulis
220 1745 428 1777 celebratum.
446 1763 493 1768 ——
511 1745 574 1775 Hic
591 1746 697 1775 levare

110 1790 266 1834 fimo-cum
274 1795 454 1834 Pauperem
465 1792 631 1829 laboribus,
639 1795 671 1820 V
667 1804 686 1823 o
693 1810 699 1815 -

121 1845 212 1869 catus
223 1846 322 1881 acque
333 1850 399 1870 non
416 1847 565 1876 vocatus,
583 1839 677 1870 audie
687 1850 698 1869 :

118 1885 167 1916 sic
183 1893 333 1918 construe
355 1897 364 1918 ι
385 1885 454 1924 laic,
476 1887 622 1926 Charon,
642 1897 700 1917 au-

745 752 809 791 dic,
843 753 878 784 id
902 759 968 791 est,
1000 753 1138 789 dicitur,
1164 750 1324 788 asseritur,

746 802 853 832 levare
872 801 894 831 ὰ
910 800 1071 831 laboribus
1081 808 1261 840 pauperem
1266 796 1327 839 fa-

747 856 779 879 to
788 847 954 891 fimccum.
981 847 1131 879 Verbum
1152 844 1266 876 audire
1289 855 1328 875 eo

746 907 843 927 sensu
871 895 958 937 apud
996 896 1167 936 scriptores
1201 893 1331 923 Latinos

748 943 846 985 vulgo
881 943 982 985 accipi
1028 942 1232 973 notissimum
1272 946 1328 971 est.

748 991 835 1022 Male
859 989 975 1033 igitur,
994 987 1030 1021 τὸ
1059 989 1166 1020 levare
1191 987 1247 1026 ad,
1271 997 1333 1017 vo·

748 1046 853 1073 caeus,
873 1037 1027 1076 refertur,
1059 1036 1154 1078 quasi
1177 1035 1332 1066 Horatius

749 1085 901 1117 dixisset:
917 1085 1047 1117 Charon
1056 1091 1196 1115 vocatus
1208 1082 1248 1114 ad
1260 1081 1336 1112 suh-

748 1133 923 1164 levandum
938 1142 1114 1174 pauperem
1125 1156 1133 1171 ‚
1150 1130 1244 1161 audie
1268 1130 1336 1168 ejus

749 1187 844 1218 vota3
873 1179 959 1210 recte
988 1179 1120 1221 quidem
1151 1175 1334 1208 hactenns:

749 1226 806 1256 sed
820 1226 899 1267 quid
914 1224 983 1256 tiun
999 1224 1177 1267 significat,
1195 1235 1261 1255 non
1269 1234 1331 1255 vo·

750 1277 866 1304 cacus?
889 1272 1030 1303 audit-ne
1058 1272 1188 1303 Charon
1214 1282 1333 1313 paupe-

750 1331 819 1351 rem
827 1331 895 1351 non
905 1326 1076 1351 vocantem
1084 1321 1098 1350 ἒ
1110 1319 1247 1350 absurda
1260 1329 1310 1350 res
1324 1319 1332 1348 l

749 1370 868 1399 Sensus
900 1367 1007 1398 autem
1031 1378 1106 1398 cum
1136 1365 1333 1410 praeeedenti

749 1415 1016 1456 interpretatione
1035 1414 1110 1445 luce
1126 1415 1242 1445 clarior
1258 1423 1266 1445 ι
1286 1415 1333 1444 in-

750 1469 799 1493 ter
813 1472 971 1503 pauperes
981 1485 990 1500 ‚
1006 1461 1159 1492 nonnulli
1177 1468 1332 1500 mortem,

750 1516 788 1540 ut
802 1509 954 1540 laborum
972 1519 1108 1540 suorum
1123 1507 1224 1539 finem
1241 1510 1334 1540 invo-

752 1563 827 1587 cant
849 1567 857 1588 :
887 1557 1014 1598 plures,
1039 1556 1116 1587 licet
1140 1557 1330 1593 miserrimi,

751 1612 788 1634 ut
801 1604 856 1635 ille
875 1603 992 1634 sabulae
1005 1604 1145 1646 lignator
1155 1626 1164 1641 ‚
1180 1604 1247 1645 pati
1265 1602 1333 1634 ma-

750 1652 823 1682 lunt
844 1650 940 1692 quam
962 1652 1056 1683 mori.
1081 1650 1251 1693 Quidquid
1276 1651 1334 1689 sit,

750 1699 858 1740 inquit
883 1699 1057 1738 Horatius,
1091 1709 1178 1730 mors
1220 1705 1333 1730 vocata

751 1753 808 1776 ant
834 1756 903 1776 non
929 1754 1042 1777 vocata
1067 1746 1216 1784 advenit,
1237 1752 1268 1776 et
1297 1752 1334 1776 ut

752 1793 861 1824 divitis
882 1793 1000 1835 gaudio
1029 1801 1060 1825 et
1087 1793 1331 1836 voluptatibus,

753 1841 798 1871 sic
821 1847 853 1871 et
877 1842 968 1883 egeni
984 1842 1138 1885 angustiis
1158 1842 1334 1873 terminum

754 1888 906 1929 imponit.
