1456 2508
220 129 283 158 272

993 0 995 3 ’
1020 0 1036 6 ‘⁸’
1046 0 1151 16 Ψῖῑ“”,““““
1169 0 1193 11 '⁹⁷
1212 0 1240 11 *2'
1270 0 1309 15 '1‘'

618 123 658 161 Q.
684 118 868 151 nomm
891 118 1046 152 FLAcc1

316 178 396 215 Nec
415 177 556 228 loquax
574 176 664 214 olim
682 190 806 227 neque
823 186 930 228 grata
951 185 978 224 ²,
995 181 1096 216 nunc
1113 186 1152 216 et
1204 170 1208 173 ’
1388 187 1401 211 ⁵

317 236 490 274 Divitum
509 237 646 274 mensis
666 246 702 273 et
720 236 839 273 amica
860 237 1006 286 templis
1018 265 1028 282 ,

321 297 394 333 Dic
414 296 545 334 modos
565 297 669 345 Lyde
688 295 827 346 quibus
846 296 1054 334 obstinatas

554 357 730 406 Applicet
749 369 877 404 aures;

298 419 429 463 .Quae,
449 417 552 453 velut
571 417 654 453 latis
674 429 770 466 equa
789 417 901 453 trima
922 415 936 438 3
953 417 1117 467 campis,

316 475 431 512 Ludit
445 474 619 522 exulum,
640 475 849 524 metuitque
869 476 990 525 tangi,
1374 493 1403 509 ιο

317 535 547 586 Nuptiarum
566 548 720 585 expers,
739 542 775 571 et
794 535 918 573 adhuc
933 544 1115 586 protervo

550 594 676 631 Cruda
695 594 844 630 marito.

314 654 373 689 Tu
395 653 410 683 4
427 660 534 702 potes
554 653 667 702 tigres
686 652 918 702 comitesque
938 653 1061 702 sylvas

315 714 485 760 Ducere,
505 722 543 749 et
561 713 664 750 rivos
683 712 823 750 celeres
843 713 994 750 morari.

209 873 353 914 quamvis
376 873 567 905 obstinatam
591 873 713 905 adhuc!
731 893 776 898 —

212 921 241 950 T
238 919 348 949 escudo
373 930 384 950 .·
413 920 499 961 lyra,
538 921 629 959 cujus
657 921 775 951 fundus

209 972 286 996 testa
301 973 367 996 erat
386 966 570 1004 testudinea,
581 975 611 997 et
626 978 696 1008 quae
713 970 778 1009 pri—

208 1010 298 1042 mum
311 1011 438 1043 chordis
451 1021 588 1054 quatuor
603 1015 755 1045 instructa
767 1038 776 1052 ,

208 1068 285 1088 mox
315 1059 457 1100 quinque
483 1067 514 1090 et
540 1071 614 1097 sex,
640 1060 777 1101 denique

206 1111 326 1145 septem
340 1105 467 1136 chordis
479 1107 632 1137 constitit.
646 1123 694 1130 -·-
708 1108 779 1138 Cal-

208 1150 278 1180 lida
306 1161 456 1182 resonare
472 1163 483 1182 .·
507 1152 695 1183 hellenismo
712 1153 777 1192 jam

208 1195 322 1238 saepius
348 1205 478 1237 notato;
511 1199 622 1230 callide
633 1222 641 1237 ,
677 1200 777 1240 perite

207 1253 368 1275 resonans.

255 1301 287 1321 2.
306 1291 375 1320 Nec
401 1291 523 1331 loquax
549 1290 645 1327 olim,
674 1303 778 1332 neque

203 1344 302 1379 grata
315 1348 326 1366 :
340 1347 458 1378 corpus
471 1337 547 1367 olim
562 1344 687 1367 mutum
698 1360 706 1375 ,
723 1350 777 1369 ne-

205 1394 269 1424 que
288 1383 347 1413 ulli
360 1383 516 1423 voluptati
533 1383 703 1422 idoneum,
721 1395 775 1415 au-

206 1430 239 1460 te
257 1428 354 1470 quam
367 1429 492 1459 chordis
503 1429 519 1459 ὲ
533 1431 695 1461 Mercurio
705 1431 778 1462 fuis-

207 1486 255 1507 ses
270 1477 437 1506 instructa.
450 1492 496 1499 —-
506 1476 645 1506 Divitum
662 1479 778 1508 mensis

208 1530 240 1552 ec
265 1522 372 1552 amica
400 1522 525 1563 templis
540 1533 551 1552 ,-
577 1523 665 1553 nulla
693 1525 778 1555 enim

209 1568 295 1610 apud
307 1575 429 1599 veteres
440 1591 448 1606 ,
462 1576 498 1599 ut
523 1569 606 1609 apud
632 1581 690 1600 nos
712 1571 779 1602 sive

207 1625 370 1645 sacrorum
382 1637 390 1652 ‚
407 1615 476 1645 sive
491 1616 680 1645 solemnium
705 1627 779 1647 con-

207 1662 366 1691 viviorum
382 1662 449 1691 siue
467 1661 584 1691 musica
602 1662 775 1695 celebritas.

207 1724 254 1731 --
269 1707 332 1737 Dic
349 1707 460 1737 modos
476 1718 487 1737 .·
510 1708 567 1738 ede
588 1718 682 1738 sonos
704 1711 776 1749 qui-

207 1753 267 1783 bus
280 1753 382 1795 Lydes
395 1753 517 1783 fastidia
529 1755 705 1786 vincantur.

219 1813 222 1815 ·
255 1800 286 1830 3.
317 1800 411 1829 Velut
438 1810 520 1840 equa
545 1799 637 1829 trima
660 1811 671 1830 :
697 1811 776 1841 equa

205 1846 307 1879 ‘trium
326 1855 501 1883 annorum;
526 1856 593 1876 uon
614 1847 698 1876 enim
717 1848 777 1877 nisi

206 1899 280 1932 post
294 1892 443 1932 quintum
461 1893 512 1922 vel
533 1891 626 1921 etiem
650 1900 775 1924 sextum

207 1947 326 1968 aunum
339 1937 533 1978 completum
555 1938 698 1978 equabus
713 1950 776 1968 ma-

206 1994 255 2013 res
274 1983 448 2024 prudenter
465 1985 707 2024 permittuntur.
727 1987 775 2015 On

207 2039 247 2059 ne
268 2028 336 2060 doit
344 2037 516 2070 permeccre
532 2030 654 2071 I'usage
677 2031 716 2061 de
741 2032 775 2061 la

199 2075 328 2117 jumenc
341 2075 418 2116 qu’c'z
430 2075 481 2106 six
497 2087 536 2106 ou
553 2084 621 2116 sept
634 2087 695 2106 ans
707 2088 774 2108 ausc

205 2121 423 2165 chevaux'sins
436 2129 468 2153 et
480 2133 548 2152 aux
567 2122 700 2154 e'ealons.
715 2126 774 2154 Les

200 2167 329 2209 J'u'mens
344 2175 487 2208 peuvent
502 2169 590 2199 avoir
609 2180 650 2198 un
673 2179 721 2200 an
734 2171 773 2200 de

205 2214 318 2246 moins.
331 2215 480 2247 Valmont
489 2215 527 2247 de
540 2217 687 2255 Bomare3
700 2218 773 2247 Dic-

830 874 907 904 tion.
930 875 1011 904 Hist.
1031 875 1102 906 Nat.
1120 875 1241 906 articul.
1263 874 1389 913 θήεναῑ,

828 917 844 960 §
869 921 984 951 Haras.
1023 939 1070 944 —-
1102 921 1195 951 Ludit
1233 921 1368 952 exulcim
1385 933 1396 952 :

830 965 913 996 ludis
939 968 1134 1007 puerilibus,
1158 968 1336 1007 currendo,
1351 978 1398 998 sa-

829 1012 956 1050 liendo,
988 1013 1142 1055 indulget.
1160 1014 1304 1056 Intellige
1335 1014 1397 1046 hoe

830 1059 983 1098 verbum,
1000 1060 1098 1096 ludit,
1124 1059 1163 1090 de
1188 1059 1313 1101 puella,
1331 1071 1398 1091 non

831 1104 870 1134 de
903 1105 1001 1145 equ53
1023 1105 1132 1136 similis
1158 1117 1248 1148 equae
1277 1107 1397 1145 trimae,

830 1150 917 1192 Lyde
933 1152 1015 1182 ludit
1033 1150 1167 1182 exultim
1175 1175 1185 1189 ‚
1202 1159 1316 1184 etc.-
1327 1154 1396 1184 Me-

830 1197 949 1238 tuicque
967 1198 1084 1240 tangi:
1104 1205 1235 1241 tangere
1249 1199 1288 1230 de
1310 1205 1397 1230 tactu

829 1243 1002 1275 libidinoso
1018 1247 1052 1275 in
1069 1255 1104 1274 re
1123 1244 1253 1276 venerei»
1267 1245 1395 1277 dieitur.

825 1290 880 1320 Sic
899 1297 930 1320 et
952 1298 1122 1321 attrectare
1144 1290 1307 1328 mulieres,
1329 1292 1395 1324 Cic.

829 1347 888 1376 pro
913 1337 1014 1367 Coelio
1029 1338 1109 1367 VIII
1122 1359 1131 1375 ,
1145 1344 1178 1368 et
1190 1339 1320 1369 Suetou.
1333 1339 1396 1368 Ne·

830 1393 878 1413 ro.
893 1385 1024 1421 XXVI3
1042 1383 1116 1413 hinc
1125 1382 1231 1424 suprzl,
1241 1383 1397 1418 Palladem

831 1428 986 1458 intactam
1014 1431 1129 1461 Noster
1151 1430 1298 1459 nominat
1317 1439 1396 1471 pro,

829 1475 983 1516 integram
993 1498 1000 1512 ,
1013 1481 1140 1507 castam.
1150 1492 1197 1498 —
1205 1475 1397 1517 Nuptiarum

831 1531 966 1561 expers:
982 1520 1085 1551 adhuc
1107 1522 1217 1562 vit-303
1232 1522 1314 1552 nihil
1331 1532 1396 1552 am-

829 1566 923 1608 plius.
934 1570 1130 1598 —Protemo
1146 1567 1251 1598 Cruda
1261 1568 1374 1598 marito
1385 1579 1397 1598 .-

831 1624 891 1643 nec
914 1612 1067 1644 haetenus
1089 1613 1224 1651 nubilis3
1242 1615 1343 1655 porro
1361 1621 1398 1645 ut

830 1659 936 1700 puella
950 1661 1019 1690 viro
1031 1666 1101 1700 apta
1111 1682 1120 1698 ,
1136 1667 1262 1690 matura
1269 1660 1396 1699 dieitur,

830 1708 891 1744 sie,
921 1717 978 1746 per
1004 1707 1256 1746 oppositionem,
1277 1706 1393 1742 cruda,

830 1763 901 1792 quae
925 1753 1075 1794 meritum
1097 1749 1243 1782 noudum
1261 1753 1326 1793 pati
1342 1762 1396 1782 va·

829 1799 882 1829 let.
901 1798 984 1828 Hine
1005 1797 1100 1838 supr&
1122 1797 1183 1828 Od.
1205 1799 1257 1836 11,
1275 1798 1314 1836 5,
1336 1807 1394 1836 ιο,

829 1845 940 1886 Lalage
962 1855 1035 1875 cum
1058 1842 1174 1874 immiti
1187 1842 1248 1874 ιινᾶ
1268 1854 1394 1886 eompa-

829 1898 927 1922 ratur.

877 1943 907 1973 4.
944 1938 989 1966 Τιι
1013 1947 1025 1966 .·
1052 1935 1191 1973 scilicet,
1207 1934 1227 1966 ὁ
1250 1934 1394 1966 testudo!

829 1986 923 2014 Potes
953 1981 1049 2024 tigres
1070 1981 1262 2022 comitesque
1292 1982 1396 2022 sylvas

829 2031 953 2060 Ducere
967 2039 978 2058 :
992 2030 1096 2070 tigres,
1114 2027 1257 2068 quamvis
1271 2027 1396 2058 ferocis·-

827 2077 938 2114 simas3
954 2075 1058 2119 sylvas
1073 2074 1149 2104 licet
1165 2073 1275 2104 surdas
1298 2080 1329 2104 ot
1344 2074 1393 2104 in·

826 2123 975 2153 animatas
993 2121 1032 2151 ad
1046 2121 1081 2152 id
1102 2131 1212 2162 cogere
1222 2143 1232 2159 ,
1241 2126 1279 2152 ut
1291 2126 1321 2150 te
1335 2119 1393 2150 ob-

826 2170 969 2209 sequiosi:
994 2173 1176 2209 sequantur.
1201 2166 1254 2198 Ad
1274 2166 1394 2207 Orphei

826 2214 962 2246 fabulam
981 2221 1018 2246 ut
1038 2215 1074 2245 in
1092 2213 1296 2255 sequentibus
1317 2212 1394 2244 allu-
