1404 2482
482 97 562 129 Lm.
587 96 639 128 111
662 96 752 128 ODE
775 98 903 129 XXIX.

1238 102 1303 142 337

187 160 352 206 Pennas,
371 154 526 208 resigno
545 168 632 207 quae
649 155 776 202 dedit,
793 164 832 194 et
851 158 938 195 meai

240 219 395 257 Virtute
413 230 475 256 me
492 216 651 254 involvo
663 244 675 263 ‚
693 215 937 267 probamque
1274 229 1306 254 55

294 279 526 332 Pauperiem
542 278 624 317 sine
645 277 736 316 dote
757 291 890 328 quaero
913 277 955 316 ¹3.

189 343 279 381 Non
297 349 355 379 est
370 353 499 380 meum
516 353 557 389 14,
577 340 610 379 si
624 339 771 391 mugiat
788 339 932 378 Africis

188 403 317 441 Malus
337 402 536 454 procellis,
553 400 602 439 ad
618 401 777 438 miseras
795 414 931 452 preces

253 465 471 503 Decurrere
483 492 494 510 ‚
508 471 547 500 et
565 461 666 501 votis
684 461 848 512 pacisci,

292 527 352 563 Ne
370 524 523 576 Cypriae
542 523 747 574 Tyriaeque
764 535 912 561 merces
1271 536 1304 561 συ

186 586 346 624 Addant
362 598 480 624 avaro
501 585 654 623 divitias
673 584 768 622 mari
784 599 795 631 ;

185 650 298 687 Tunc
316 662 378 687 me
396 647 556 686 biremis
570 646 754 699 praesidio
773 645 928 698 scaphae
946 646 975 672 ¹⁵

78 782 195 816 avibus
206 805 216 822 ‚
229 793 302 826 quae
317 784 353 814 in
371 781 456 814 nidis
469 782 522 813 vel
540 781 662 813 alicubi

78 831 243 869 sedentes,
259 831 344 873 fugae
358 831 518 872 proximae
533 830 662 872 signum

78 878 176 917 dant,
191 879 249 909 alis
265 888 342 909 cum
356 877 507 919 clangore
524 877 660 919 agitatis.

76 928 254 959 Fortunam
287 925 394 956 autem
429 924 521 955 deam
546 924 660 954 alatam

75 981 201 1006 veteres
236 971 416 1016 fingebant.
445 989 493 998 -—-
519 971 660 1013 Resigno

76 1032 152 1064 quoe
177 1020 267 1052 dedic
279 1032 291 1051 :
304 1020 389 1051 dona
408 1020 476 1059 ejus
493 1020 557 1061 ipsi
574 1026 660 1050 tran-

77 1067 179 1111 quilla
203 1075 311 1100 mente
342 1067 492 1099 restituo.
508 1084 556 1090 —-
578 1064 659 1097 Μεᾶ

79 1115 205 1147 virtute
237 1127 289 1148 me
321 1115 444 1147 involvo
465 1126 477 1145 .-
508 1114 593 1144 recte
617 1114 657 1145 de

76 1163 151 1195 viro
167 1164 310 1206 sapiente
321 1187 331 1203 ‚
346 1163 423 1205 qni,
448 1162 571 1193 amissis
585 1172 658 1192 om-

74 1211 176 1243 nihus
185 1234 195 1251 ‚
212 1211 329 1242 amisso
347 1209 445 1241 etiiim
458 1210 574 1240 ultimo
586 1209 657 1251 pal-

73 1260 120 1292 lio
130 1282 140 1298 ‚
153 1260 275 1290 virtute
290 1256 347 1289 snei
361 1257 472 1288 saltem
481 1267 555 1299 quae
568 1257 584 1287 ὲ
595 1257 658 1287 for-

73 1314 166 1339 tunae
190 1306 312 1338 ictibus
330 1304 416 1336 salva
431 1311 463 1336 et
481 1305 655 1335 incolumis

73 1355 192 1394 evasit,
225 1354 393 1386 involvere
422 1363 456 1383 se
485 1351 655 1394 prohiberi

71 1402 198 1444 nequit.

120 1450 154 1481 3.
163 1448 370 1491 Probumque
378 1446 573 1488 Pauperiem
584 1445 656 1477 sine

71 1495 146 1528 dote
170 1506 280 1539 quoero
298 1507 310 1527 :
333 1495 553 1526 suavissimam
576 1494 655 1524 ima-

70 1544 180 1587 ginem
199 1555 241 1576 ex
254 1554 294 1575 eo
307 1542 397 1586 quod
411 1543 448 1573 in
461 1540 652 1573 contrahen-

69 1591 120 1623 dis
143 1592 358 1624 matrimoniis
380 1590 573 1632 plerumque
593 1588 652 1628 fit,

69 1638 163 1671 ducit
187 1646 294 1682 poeta.
317 1640 364 1670 Ut
386 1639 539 1678 juvenes,
562 1643 653 1667 ante-

67 1686 167 1730 qmim
182 1687 223 1718 ad
235 1686 366 1729 nuptias
380 1691 559 1722 transeant,
575 1695 653 1715 ocn-

66 1734 118 1766 los
161 1733 227 1765 hiae
266 1744 370 1775 usqne
415 1732 651 1763 circumferunt

67 1789 249 1825 quaerentes
257 1805 266 1821 ‚
284 1781 339 1812 alii
354 1791 492 1812 uxorem
505 1781 560 1811 cui
572 1790 649 1821 opes

67 1840 192 1873 magnae
207 1835 381 1872 suppetant
391 1851 400 1867 ,
415 1828 539 1859 etiamsi
560 1827 647 1858 bona

69 1878 262 1918 pretiosiora
273 1899 282 1915 ,
312 1883 350 1907 ut
391 1877 496 1906 virtus
509 1898 518 1914 ‚
552 1875 643 1917 inge-

69 1924 183 1964 nium,
206 1924 333 1966 generis
359 1922 513 1954 nobilitas
537 1921 647 1953 defue-

68 1970 152 2008 rim,
184 1971 239 2002 alii
266 1971 439 2012 conjugem
467 1971 522 2000 eui
550 1971 648 2001 unica

69 2017 130 2049 dos
147 2018 189 2048 sit
200 2019 331 2060 propria
341 2024 373 2048 et
385 2018 566 2059 parentium
577 2028 651 2059 pro-

67 2064 173 2103 bitas3
200 2066 246 2096 sic
272 2065 446 2102 Horatius,
468 2066 653 2106 Paupertati

69 2111 201 2153 quidem
212 2135 221 2150 ,
240 2111 296 2143 sed
317 2112 501 2153 Paupertati
518 2112 648 2153 probae,

67 2169 142 2201 qnae
152 2158 206 2190 hic
222 2169 368 2201 personae
386 2159 521 2190 formam
537 2159 651 2191 indue-

68 2216 104 2237 re
125 2204 272 2248 fingitur,
294 2217 362 2237 sese
390 2206 539 2236 coelibem
558 2218 648 2238 man—

71 2253 177 2295 cipat,
198 2253 301 2295 ipsius
328 2254 529 2284 consortium
552 2265 650 2296 expe·

196 2317 229 2355 Ι,

718 783 775 820 tit,
803 792 872 813 eam
899 781 999 812 solam
1009 805 1017 821 ‚
1036 783 1183 824 quamvis
1207 786 1303 818 indo-

716 836 814 860 tatam
825 852 834 868 ‚
854 830 930 860 vitae
945 840 1011 860 suae
1026 832 1147 861 sociam
1162 839 1193 862 et
1207 835 1301 865 auxi-

715 877 872 908 liatricem
887 878 1028 909 invocat.

766 930 819 962 14.
840 925 917 955 Non
933 932 981 955 esc
993 936 1099 955 meum
1112 936 1124 956 .·
1137 926 1218 958 mihi
1231 939 1301 961 non

713 981 798 1012 opus
821 978 886 1010 est,
908 983 978 1002 non
998 972 1039 1002 ad
1058 973 1133 1003 vitae
1149 985 1228 1006 meae
1250 988 1301 1008 ra-

714 1019 837 1050 tionem
868 1026 900 1050 et
928 1021 1117 1051 institutum
1147 1024 1299 1063 pertinet.

711 1083 758 1089 -—
769 1067 828 1097 Ad
839 1066 973 1098 miseras
981 1077 1096 1108 preces
1108 1068 1276 1103 decurrere
1289 1084 1301 1104 .·

711 1113 907 1145 descendere
936 1114 975 1144 ad
1001 1126 1113 1156 preces
1137 1115 1278 1150 humiles
1288 1145 1296 1160 ,

711 1162 938 1192 miserabiliter
953 1162 1030 1193 deos
1046 1163 1200 1204 precibus
1213 1167 1299 1198 solli—

710 1210 819 1240 citare.
832 1228 881 1234 —
890 1211 935 1239 Ec
949 1209 1036 1240 ‘votis
1050 1211 1178 1251 pacisci
1191 1223 1204 1243 .·
1226 1215 1297 1256 ple-

710 1257 820 1298 rique,
856 1267 926 1288 non
958 1258 1028 1287 sine
1063 1259 1198 1300 privatae
1228 1273 1297 1294 snae

710 1305 859 1335 utilitatis
902 1311 1055 1346 respectu
1065 1328 1074 1344 ‚
1106 1313 1183 1337 vota
1225 1310 1296 1345 Diis

708 1359 920 1393 nuncupant,
947 1350 1102 1383 sacrificia
1138 1355 1296 1396 pollicen-

709 1405 776 1437 tur,
795 1399 882 1430 unde
897 1400 932 1429 in
945 1399 1009 1430 illis
1024 1401 1175 1441 precibus
1191 1410 1223 1434 et
1236 1416 1294 1436 vo·

710 1447 768 1484 tis,
790 1447 977 1477 mercatorii
986 1447 1080 1488 pacti
1102 1448 1224 1491 aliquid
1243 1453 1292 1484 in-

710 1494 873 1525 tercedere
885 1494 1018 1526 dixeris.
1029 1497 1076 1526 Eo
1085 1506 1181 1527 sensu
1190 1509 1202 1528 :
1214 1501 1293 1532 Non

710 1549 744 1572 tu
757 1553 856 1583 prece
866 1541 976 1584 poscis
1002 1543 1109 1573 emaci
1131 1545 1212 1585 Quae
1230 1547 1296 1578 nisi

706 1589 845 1620 seductis
888 1600 1032 1631 nequeas
1091 1592 1294 1627 committere

706 1637 786 1668 divis
793 1649 806 1674 ;
820 1640 918 1676 Pers.,
927 1640 991 1669 Sat.
1003 1638 1047 1675 ΙΙ,
1060 1638 1178 1670 3.Vide
1194 1640 1290 1673 etiam

707 1686 859 1716 Fontanii
873 1685 976 1715 nostri
994 1684 1155 1724 fabulam,
1174 1689 1230 1718 cui
1252 1691 1290 1720 ti.

705 1732 794 1763 tulus
810 1742 818 1764 :
839 1731 966 1773 Jupiter
992 1739 1025 1762 ec
1049 1732 1080 1762 le
1099 1735 1289 1777 Passager:

704 1779 763 1811 lib.
780 1781 828 1811 IX
839 1803 848 1818 ‚
871 1780 924 1811 13.
947 1780 976 1809 Ο
994 1779 1142 1810 combien
1159 1781 1190 1812 le
1202 1783 1292 1824 pe'ril

703 1826 894 1858 enrichiroit
918 1827 965 1858 les
998 1826 1114 1864 dieta,
1135 1828 1175 1859 Si
1209 1841 1291 1864 nous

702 1886 783 1905 nous
797 1874 988 1905 souvenions
1012 1874 1070 1905 des
1088 1886 1191 1907 ‘va-ux
1209 1879 1290 1920 qu’iI

700 1933 780 1954 nous
786 1921 860 1964 fait
863 1921 956 1964 faire
963 1923 978 1952 l

754 1971 808 2001 15.
835 1970 924 2001 Time
943 1979 994 2000 me
1004 1991 1015 2007 ,
1033 1967 1161 2000 biremis
1171 1974 1287 2012 praesi—

704 2019 758 2050 dio
776 2016 907 2059 scaphae
921 2028 933 2047 .·
946 2015 1077 2057 quando
1091 2016 1144 2047 alii
1156 2029 1285 2052 meeum

703 2067 908 2108 navigantes,
923 2062 995 2094 orta
1014 2063 1186 2096 saevissima
1208 2074 1287 2099 tem-

703 2120 844 2158 pestate,
860 2112 900 2143 de
926 2109 1082 2141 servanda
1099 2111 1165 2143 vita
1181 2115 1285 2148 multi)

702 2159 811 2192 minus
820 2159 918 2201 quiam
931 2158 970 2189 de
983 2158 1141 2189 mercium
1153 2171 1286 2195 suarum

702 2209 805 2240 salute
819 2207 967 2245 solliciti,
983 2206 1019 2236 in
1035 2206 1128 2245 navi,
1148 2207 1207 2240 nbi
1221 2221 1287 2242 ma-

700 2256 754 2296 jus
767 2255 948 2297 periculum
958 2277 966 2292 ,
979 2264 1047 2294 prae
1060 2254 1191 2286 avaritia
1200 2278 1210 2296 ,
1222 2269 1285 2289 ma.

1080 2318 1130 2356 ²9
