1456 2508
197 146 271 199 172¹

586 162 628 202 Q.
651 159 835 191 noum-11
857 159 1007 192 ruem

296 219 427 269 Impiae
446 227 586 256 tectum
604 218 766 256 dominae
785 218 1020 268 relinquunt,
1136 221 1142 226 “
1165 217 1176 239 “’

559 278 666 329 δωρὲ
683 278 825 316 minati.
1349 294 1380 310 ιο

296 342 350 377 Te
371 339 446 376 suis
466 346 603 376 matres
617 347 790 376 metuunt
801 339 971 390 juvencis
988 339 1016 386 ⁶,

298 403 350 436 Te
370 413 475 437 senes
493 400 615 449 parci,
634 399 855 448 miseraeque
873 399 996 448 nupffl·

297 459 470 509 Virgines
488 468 634 509 nuptae,
652 466 716 495 tua
731 471 779 494 ne
798 458 965 495 retardet

561 519 669 557 Aura
684 519 849 557 maritos.

194 655 240 661 --
258 637 369 678 lmpt'oe
396 637 537 668 dominae
553 649 565 667 .·
590 649 661 679 quae
683 639 760 670 deos

192 685 340 726 perjuriis
356 684 513 725 sacrilegis
524 685 661 715 laesit.-—
671 685 762 726 Scep&

194 738 309 762 mmatt
323 742 334 760 :
350 732 458 761 inanes
481 737 656 762 amatorum
668 732 762 762 minae

193 779 228 807 in
245 779 364 809 Nostro
374 800 382 815 ‚
400 783 437 807 ut
452 777 487 807 in
503 778 622 808 caeteris
637 778 763 808 vatibus

195 826 320 856 eroticis
330 848 338 863 ‚
351 824 423 856 satis
436 823 550 854 obviae.

244 871 275 902 6.
294 873 337 902 Te
355 870 417 901 suis
434 878 551 900 matres
566 877 710 900 metuunt
714 868 766 910 ju-

197 917 300 949 veneis
321 929 332 947 .-
357 918 437 948 natis
462 918 544 954 suis,
561 914 694 946 vixdnm
711 915 765 946 ad·

197 964 287 1002 ultis,
312 961 584 1005 pulchritudinem
606 970 693 994 tuam
715 972 764 992 re-

197 1010 380 1042 formidant.
399 1008 464 1041 Cnt·
491 1008 596 1039 antem
619 1008 766 1050 juvenco-

199 1069 267 1088 rum
284 1058 414 1088 nomine
432 1055 644 1086 adolescentes
662 1053 767 1096 appel-

198 1105 261 1143 let,
289 1105 367 1134 mdix
389 1092 534 1143 liquessit.
549 1118 594 1124 —-
612 1103 654 1131 Te
678 1110 769 1130 senes

198 1150 310 1192 parci:
323 1151 436 1180 timent
450 1159 490 1178 ne
505 1148 689 1178 meretriciis
706 1147 769 1176 tuis

201 1197 322 1229 artibus
333 1195 371 1226 ad
383 1196 466 1226 bona
477 1193 698 1235 profundenda
710 1191 768 1222 filii

201 1245 252 1276 sui
264 1239 556 1274 inducantur.vide
563 1239 656 1281 qubm
667 1238 768 1268 fidum

201 1297 323 1322 naturae
342 1288 467 1330 legibus
487 1287 677 1326 obsequium
692 1295 772 1326 prae-

202 1337 274 1368 beat
283 1335 445 1366 Horatius.
456 1335 570 1370 Mater,
580 1332 771 1362 innocentiae

202 1382 263 1415 filii
285 1383 335 1412 sui
356 1387 388 1411 et
413 1379 531 1421 pudori
559 1378 667 1416 timet3
683 1384 772 1419 pater

203 1430 326 1466 senior,
350 1426 542 1468 patrimonio
566 1435 635 1455 suo.
649 1442 697 1448 --
709 1423 771 1454 Mi-

206 1485 347 1515 seraequo
363 1473 464 1514 ηιιρὲν
477 1471 625 1514 Virgines
639 1477 746 1511 nuptae
760 1480 771 1499 .·

205 1522 338 1558 miserae,
357 1530 429 1561 quae
446 1529 599 1560 sponsum
614 1523 774 1547 recentem

206 1567 329 1609 perditi}
357 1572 494 1596 amantes
508 1587 516 1602 ‚
541 1571 591 1601 te,
610 1562 672 1593 tem·
704 1562 773 1603 pul·

205 1613 313 1644 ohram
324 1636 332 1651 ‚
347 1619 384 1643 ut
397 1611 682 1643 formidatissimam
696 1609 775 1638 riva-

204 1661 269 1691 lem
279 1682 288 1698 ,
303 1661 479 1690 intuentur.
492 1658 611 1687 -Tua
624 1666 664 1686 ne
677 1662 775 1686 retar-

815 638 870 669 det
882 639 973 669 Aura
989 635 1117 669 maritos
1127 647 1139 667 .·
1153 646 1194 669 ne
1209 635 1295 666 solus
1304 633 1384 665 odor

815 685 832 715 ὲ
855 695 989 726 corpore
1019 691 1074 714 tuo
1102 684 1250 720 emissus,
1272 687 1383 712 avocet

818 742 926 762 earum
944 731 1073 760 maritos
1094 729 1135 760 ab
1149 738 1254 759 amore
1274 728 1384 767 conju-

821 777 882 820 gali
895 800 903 815 ‚
924 783 955 808 et
970 787 1023 807 eos
1037 775 1088 806 vel
1102 776 1220 805 invitos
1235 773 1274 804 ad
1292 780 1322 804 te
1336 783 1384 803 ra-

821 825 897 864 piat.
928 821 1116 863 Me‘tapbora
1145 820 1240 851 ducta
1271 826 1318 850 est
1344 829 1384 849 ex

816 870 874 900 ino
888 869 1065 910 virgiliano
1080 868 1196 908 Georg.
1215 867 1263 897 111
1273 888 1282 904 ,
1298 866 1383 897 250:

820 916 937 946 Nonne
951 914 1044 944 vides
1058 921 1093 944 ut
1107 921 1173 943 tota
1191 920 1308 943 cremor
1317 922 1385 953 per-

819 969 917 992 tentet
935 971 1085 1002 equorum
1107 960 1261 1000 Corpora,
1277 957 1306 988 si
1318 965 1385 988 tan-

820 1009 885 1038 ιὰιιι
913 1014 1005 1038 notas
1034 1006 1114 1036 odor
1138 1004 1247 1035 attulit
1276 1014 1383 1034 auras.

820 1055 887 1085 Nec
921 1052 1062 1084 eamdem
1093 1052 1262 1092 imaginem
1298 1050 1386 1092 regio

819 1099 1021 1140 epithalamio
1050 1109 1208 1140 apponere
1229 1097 1387 1127 dubitavit

820 1146 985 1177 Claudian.
1008 1144 1058 1175 'de
1094 1145 1224 1186 Nuptiis
1262 1145 1386 1174 Honor.

826 1192 889 1230 287
903 1201 910 1222 :
930 1191 1023 1222 Calet
1035 1190 1138 1220 obvius
1156 1190 1200 1220 ire
1215 1189 1291 1220 Jizm
1301 1187 1389 1229 prin-

823 1248 895 1278 ceps
898 1261 955 1269 .....
975 1236 1098 1268 Nobilis
1119 1235 1210 1266 lzaicd
1226 1235 1324 1266 alitor
1339 1244 1388 1264 so-

803 1307 810 1313 .
825 1284 931 1324 rupes,
949 1293 1042 1324 quem
1055 1282 1177 1323 primus
1193 1280 1310 1312 amoris
1322 1280 1389 1310 Sol-

824 1329 957 1361 licitavit
968 1329 1062 1364 odor,
1077 1335 1137 1359 ecc.
1152 1329 1203 1359 Sic
1211 1327 1388 1368 explicatur

826 1387 891 1407 vox
903 1377 956 1406 illa
966 1398 975 1413 ‚
983 1374 1127 1416 juvencis
1135 1396 1144 1410 ‚
1161 1384 1232 1414 qnae
1243 1370 1390 1413 superins

826 1429 932 1452 notata
967 1428 1032 1459 est,
1069 1430 1202 1461 quaeque
1241 1418 1390 1449 adhibitae

826 1468 1017 1509 metaphorae
1044 1465 1184 1507 apprim&
1212 1464 1360 1505 congruit
1376 1474 1386 1499 ;

828 1515 914 1544 illam
941 1513 1045 1544 tamon
1072 1511 1299 1542 inhonestioris
1342 1510 1390 1539 rei

824 1561 992 1602 imaginem
1026 1557 1045 1590 ἐι
1080 1557 1223 1588 moribus
1274 1557 1391 1587 nostris

829 1607 960 1637 alienam
977 1604 1067 1636 facile
1080 1602 1315 1635 confitebimur.
