1456 2508
162 158 205 190 44
542 157 583 196 Q.
608 154 791 186 nomm
814 152 965 186 ruem

289 215 368 250 Nos
384 212 576 260 convivia,
597 225 665 250 nos
684 212 816 263 praelia
831 210 1023 262 virginum
1039 218 1069 263 ⁹!

289 272 408 309 Sectis
426 272 466 309 in
480 273 639 322 juvenes
661 271 851 322 unguibus
871 271 1034 317 acrium,

288 333 508 380 Cantamus,
527 332 639 370 vacui
651 338 691 379 ¹⁰,
711 332 791 370 sive
810 331 903 382 quid
919 331 1085 376 urimur,

365 395 451 430 Non
470 402 609 443 praeter
625 392 777 432 solitum
795 393 907 430 leves.
1316 407 1347 423 ιο

158 526 230 557 pam
258 527 332 546 cum
359 517 511 549 heroibus
526 519 722 555 Homericis,

158 564 290 594 Varium
305 574 379 594 cum
396 567 536 595 Homero
552 571 724 605 comparat.

158 626 204 632 -—
225 607 346 639 Tunicd
359 617 473 640 tectum
486 607 702 640 adamantind
714 632 724 645 ‚

157 655 260 696 imago
278 656 319 686 ab
340 658 480 687 Homero
505 662 657 686 mutuata.
678 673 724 679 —

162 702 323 732 Merionen
338 713 349 732 .·
364 703 451 743 apud
466 704 641 733 Homerum
655 701 725 732 Ido-

157 749 262 778 menei
302 750 453 790 aurigam.
483 766 530 772 -—-
563 747 720 788 Tydiden,

157 794 362 832 Diomedem,
398 794 502 837 Tydei
535 793 648 825 filium.
677 812 725 818 —

161 841 228 880 Ope
251 841 399 871 Palladis
414 852 425 871 .·
441 841 459 871 ὲ
476 840 622 872 Minerva
636 839 724 879 adju-

157 892 209 916 tus
218 908 226 923 ‚
239 887 410 917 Diomedes
423 889 580 918 Venerem
596 894 627 917 et
640 888 725 917 Mar-

159 938 221 962 tem
235 933 340 974 ipsum
354 933 550 968 vulneravit,
564 933 649 964 uude
663 944 724 963 me-

158 979 235 1016 rito,
254 990 312 1020 par
326 981 454 1021 Superis
469 979 653 1021 appellatur.

206 1035 238 1064 9.
261 1026 331 1056 Nos
343 1025 462 1065 proelia
482 1025 665 1067 virginum;
689 1031 725 1055 ut

158 1069 257 1108 bella,
279 1073 392 1103 Martis
410 1071 525 1110 ludos,
547 1071 643 1113 suprii
662 1070 723 1103 Od.

159 1117 208 1154 11,
235 1118 290 1157 37,
319 1119 365 1149 sic
393 1117 482 1149 lus-us
510 1124 542 1148 et
571 1120 724 1148 innocuas

159 1165 331 1196 amantium
350 1166 452 1204 rixas,
474 1163 581 1207 praelia
601 1163 651 1195 hle
667 1175 725 1195 no-

776 519 888 548 minat.
904 534 950 541 —-
968 515 1120 552 Acrium;
1144 515 1256 545 acriter
1279 523 1344 544 sese

776 563 945 594 defendere
967 562 1120 593 videntur
1141 561 1297 602 virgines,
1313 567 1344 590 et

776 610 937 651 unguibus
958 610 991 639 in
1015 615 1240 650 protervorum
1255 607 1344 645 juve-

776 666 856 686 num
878 655 988 686 vnltus
1012 654 1186 694 deffaevire3
1215 653 1270 683 sed
1294 663 1344 683 eas

777 711 900 743 ungues
931 701 1134 743 praesecuisse
1164 701 1248 739 juvit
1264 722 1273 738 ,
1302 709 1342 730 ue

777 746 902 789 gravius
914 747 1115 779 offenderent
1127 756 1181 777 eos
1196 745 1214 776 ὲ
1227 745 1344 787 quibus

777 795 945 836 provocari
977 801 1009 825 et
1035 793 1146 824 lacessi
1170 802 1238 822 non
1266 791 1344 822 adeo

777 840 932 882 displicet.

827 896 878 917 10.
900 885 1020 922 Vacui,
1047 885 1114 916 sive
1136 883 1176 915 ab
1198 884 1287 914 omni
1311 894 1342 913 a-

776 943 864 971 more
885 932 980 963 liberi
1002 933 1110 962 simus.
1126 948 1172 955 —
1185 929 1255 960 Sive
1268 929 1347 970 quid

777 979 910 1015 urimur,
925 980 991 1008 sive
1004 978 1069 1008 levi
1083 987 1189 1008 amore
1205 975 1343 1006 detinea-

778 1035 862 1056 mur.
876 1042 922 1048 --
935 1026 1010 1055 Non
1021 1030 1142 1065 pra-ter
1159 1022 1286 1053 solitum
1299 1021 1345 1053 k-

778 1082 848 1108 ves;
876 1069 1052 1102 secundnm
1081 1066 1344 1101 consuetudinem

776 1124 918 1148 nostram
941 1118 1156 1148 inconstantes
1167 1138 1176 1155 ,
1191 1115 1231 1146 de
1256 1123 1345 1145 more

777 1170 897 1196 nostro.

524 1604 970 1636 -messffaeew—
