1456 2508
505 128 583 159 LIB.
608 127 625 158 1
649 127 737 159 ODE
761 127 822 158 nl.
1234 128 1278 159 33

54 245 666 270 mmmmm

850 247 1279 261 mmmm-“5

410 411 575 470 ODE
627 410 922 471 TERTIA

340 571 432 616 AD
476 573 524 617 P.
561 573 997 619 VIRGILIUM.

150 739 209 771 Ad
219 749 333 771 navem
346 737 414 781 qud
431 739 599 783 Virgilius,
622 739 772 772 Athenas
788 740 961 779 invisurus,
981 740 1176 773 vehebatur.

102 836 186 870 Navi
197 835 371 879 Virgilium
385 834 528 866 Athenas
541 834 673 866 vehenti
685 836 943 868 incolumitatem
955 843 1116 879 precatur.
1130 836 1257 869 Deinde
1265 861 1274 877 ,

55 893 254 930 occasionem
275 899 407 931 nactus,
432 893 470 923 in
489 891 662 923 hominum
686 893 898 924 temeritatem
920 893 1078 935 insurgit,
1097 904 1216 936 eosque
1238 894 1274 925 in

62 948 200 980 vetitum
216 948 278 979 uiti
291 946 443 979 ostendit.

217 1060 306 1097 ch¹
326 1066 362 1096 te
381 1059 482 1096 Diva
501 1065 637 1110 potens
657 1058 800 1109 Cypri,

270 1118 335 1157 Sic
354 1119 491 1158 fratres
511 1119 667 1158 Helenae
685 1128 712 1167 ²,
733 1119 863 1158 lucida
881 1118 1007 1157 sidera

215 1180 508 1231 Ventorumque
527 1188 636 1231 regat
655 1189 766 1232 pater
784 1179 812 1228 3,

270 1239 478 1280 Obstrictis
495 1242 511 1271 4
530 1241 613 1280 aliis
633 1250 776 1294 praeter
795 1244 960 1293 Iapyga,

108 1388 138 1409 1.
164 1377 219 1409 Sic
239 1389 251 1409 .·
273 1379 466 1422 optationis,
491 1378 639 1422 apposita

57 1431 164 1456 umen
177 1425 264 1457 certa
277 1426 418 1468 quadam
433 1427 638 1467 conditione,

57 1472 262 1505 usinfimima
287 1474 376 1515 apud
405 1475 537 1505 Latinos
571 1474 638 1505 for-

58 1510 158 1553 imh.
177 1521 244 1554 vid.
262 1521 380 1564 vti-gil.
398 1522 467 1553 Ecl.
485 1523 550 1561 1x‚
567 1523 610 1553 30
630 1532 638 1553 :

61 1565 116 1610 S&
129 1574 189 1599 ἔται
204 1568 496 1612 Cffleasfhgiant
509 1569 638 1600 exami-

61 1624 108 1646 na
129 1622 242 1654 taxos,
264 1616 317 1648 Sic
337 1616 437 1657 cytiso
449 1624 558 1659 pastae
573 1618 639 1649 dis-

59 1661 202 1695 tendant
214 1663 312 1696 ubera
323 1675 451 1697 vaccae.
466 1667 508 1697 Et
521 1665 596 1697 Tib.
611 1667 638 1703 1,

59 1709 119 1750 IV,
139 1711 247 1743 1:81'0
266 1712 416 1743 umbrosa
439 1712 500 1743 tibi
511 1712 639 1743 concin-

55 1765 145 1800 ἕηκε
154 1765 240 1789 tecta
247 1770 263 1796 ‚·
274 1766 307 1790 et
317 1759 434 1802 passim
442 1782 451 1797 ,
465 1760 510 1790 sic
522 1766 554 1790 te
562 1759 642 1791 deus

59 1803 200 1848 acymet-
225 1807 344 1838 Sensus
369 1812 475 1837 autem
503 1813 551 1837 est
570 1816 579 1837 ε
604 1805 640 1837 ea

59 1851 187 1884 tantum
203 1853 293 1896 lege,
311 1852 332 1883 ὀ
347 1854 454 1892 navis,
472 1853 534 1885 tibi
556 1854 640 1884 salu·

59 1904 127 1930 tem
141 1900 337 1943 tutelamque
361 1900 498 1932 deorum
521 1902 640 1943 impre-

61 1955 141 1985 cor,
162 1954 201 1978 nt
217 1947 392 1991 Virgilium
417 1947 530 1979 reddas
547 1949 639 1980 inco-

57 1993 184 2025 lumem
211 1993 334 2026 finibus
359 1996 488 2028 Atticis.
511 2014 558 2020 —
576 1999 640 2027 Po-

60 2046 134 2072 tens
152 2041 251 2083 Cypri
266 2053 279 2072 .·
302 2043 412 2084 regina
432 2044 551 2086 Cypri;
565 2043 639 2074 vide

59 2086 145 2120 iun-a
158 2089 296 2120 Carmen
307 2089 479 2121 saeculare:
499 2091 634 2129 Pha-be,

56 2135 285 2179 sylvarumque
299 2143 416 2178 potens
433 2137 558 2170 Diana.
573 2140 638 2169 Ve-

59 2192 171 2215 nerem
184 2184 332 2222 invocat,
347 2183 438 2226 qnia,
455 2192 494 2216 ut
508 2187 551 2216 ait
564 2187 640 2217 Ovi-

60 2228 152 2269 dius,
174 2231 275 2262 Hero.
295 2232 394 2270 xlx,
416 2232 491 2272 161,
511 2235 641 2264 Sternet

59 2283 282 2321 eea-quereus,
294 2289 423 2322 oequore
433 2288 528 2320 nata,
547 2279 634 2318 vias,

694 1379 746 1410 vel
775 1376 852 1421 quii}
880 1378 1018 1411 Veneris
1046 1379 1137 1410 stella
1168 1380 1276 1411 nautis

693 1426 878 1464 utilissima3
889 1425 977 1468 quod
987 1425 1196 1457 nobilissimis
1209 1437 1278 1457 ver-

692 1473 782 1504 sibus
802 1474 927 1516 lyricus
942 1480 1073 1513 noster,
1092 1474 1129 1505 in
1145 1473 1208 1505 ode
1230 1473 1275 1505 ob

693 1528 803 1552 ortum
820 1521 914 1551 dncis
936 1521 1112 1552 Britanniae
1133 1521 1276 1553 illustra-

694 1568 741 1598 vit
760 1577 769 1598 :

718 1613 830 1651 Aiusi,
847 1613 1018 1646 durantia
1036 1614 1107 1646 nuit
1125 1616 1271 1655 obscure,

716 1664 769 1693 De
789 1665 818 1692 V
819 1661 899 1692 e'nus
916 1662 1038 1694 l'e'toile
1052 1674 1134 1694 nous
1146 1664 1224 1702 luit,

717 1709 895 1741 Favorable
913 1717 946 1740 et
958 1710 1095 1742 bn'llant
1105 1722 1229 1755 augure

718 1758 770 1788 De
788 1757 902 1788 l’e'clat
914 1757 957 1787 du
968 1758 1050 1800 jour
1065 1758 1123 1800 qui
1137 1760 1172 1791 Ia
1188 1760 1261 1793 suit.

743 1815 775 1836 2.
794 1804 847 1835 Sic
856 1803 985 1846 fratres
1000 1807 1136 1838 Helenae
1154 1817 1162 1840 ε
1179 1808 1277 1840 Dios-

695 1852 781 1891 curi,
801 1852 916 1884 Castor
928 1859 961 1883 et
974 1853 1092 1886 Pollux
1101 1877 1111 1894 ,
1125 1856 1277 1898 navigan-

695 1899 782 1931 tibus
799 1901 946 1942 propitii.

743 1947 775 1979 3.
791 1949 969 1978 Ventorum
978 1956 1096 1989 pater,
1116 1950 1239 1982 AEolus.

743 2000 775 2031 4.
794 1994 959 2026 Obstrictis
969 1996 1059 2036 aliis3
1073 1997 1126 2029 vel
1139 1998 1175 2028 in
1190 2005 1274 2037 utre,

694 2043 792 2074 Hom.
811 2042 929 2085 OdySS.
946 2045 1013 2082 IX,
1035 2044 1088 2075 vel
1107 2045 1142 2074 in
1162 2052 1274 2083 antro,

692 2089 784 2132 Virg.
800 2090 926 2122 AEneid.
939 2091 966 2122 I.
982 2108 1030 2115 —-
1042 2094 1170 2122 Praeter
1180 2093 1278 2133 Iapy-

690 2147 738 2178 ga
753 2148 765 2167 :
778 2139 900 2180 Iapyx,
917 2144 1033 2169 ventus
1048 2139 1273 2179 occidentalis,

693 2184 734 2216 ab
757 2185 874 2216 incolis
891 2185 1038 2226 Apuliae,
1061 2187 1119 2228 qui
1139 2188 1276 2230 Iapyges

692 2239 867 2271 vocantur,
893 2232 939 2264 itii
965 2231 1091 2272 dictus,
1116 2244 1158 2265 ex
1183 2234 1275 2266 Italia

691 2280 728 2310 in
742 2280 901 2312 Graeciam
916 2280 1144 2323 navigantibus
1161 2291 1276 2314 secun-
