1456 2508
210 93 274 128 234

592 90 633 131 Q.
658 87 842 121 noum
865 86 1018 122 nicet

369 162 383 179 τε
399 149 499 192 has,
517 154 554 182 et
569 146 734 183 invisum
753 153 949 195 nepotem,

422 223 436 239 α
454 207 591 242 Troica
611 218 723 255 quem
743 205 890 255 peperit
905 205 1080 244 sacerdos
1089 217 1105 253 ,·

321 283 336 300 «
354 265 469 303 Marti
484 264 689 302 redonabo.
709 265 820 302 Illum
837 276 907 314 ego
926 264 1071 302 lucidas

323 341 336 357 a
356 324 456 360 Inire
477 323 583 360 sedes
602 330 630 369 9,
648 322 788 359 ducere
806 323 969 360 nectaris

375 398 390 415 «
409 385 568 428 Succos,
587 389 624 418 et
642 381 806 418 adscribi
822 381 960 431 quietis
1379 389 1409 412 3⁵

425 458 439 474 a
459 439 669 478 Ordinibus
689 440 811 490 patiar
831 440 1013 487 deorum

321 517 334 532 «
353 503 454 537 Dum
469 501 604 549 longus
626 500 724 537 inter
737 499 866 536 saeviat
885 499 983 536 Ilion

321 576 336 593 α
354 562 588 609 Romamque
605 567 742 608 pontus
758 566 804 604 ²0,
829 558 999 608 qualibet
1018 558 1164 597 exsules

382 636 396 653 α
414 621 458 655 In
473 628 580 669 parte
596 628 778 669 regnanto
796 618 917 663 beati,

430 696 445 713 «
462 682 563 717 Dum
582 679 721 717 Priami
740 679 957 729 Paridisque
973 677 1087 716 busto
1106 687 1132 703 ¹²
1381 690 1413 716 4ο

228 853 296 876 tum
310 844 417 875 decem
445 854 546 884 usque
562 843 600 874 ad
615 854 714 874 annos
728 854 801 874 nos-

229 893 285 921 tris
315 890 482 921 discordiis
511 890 651 928 bellum,
674 889 800 920 tandem

228 938 438 979 compositum
471 943 527 967 est.
551 954 596 961 —-
622 935 795 967 Protim‘cs:

228 983 291 1022 iam
319 982 406 1013 nunc
421 1005 430 1020 ‚
462 993 500 1012 eo
530 983 601 1024 ipso
634 989 796 1013 momento

229 1040 294 1070 quo
308 1029 435 1070 loquor.
449 1045 496 1052 -·
509 1028 608 1059 Marti
618 1028 796 1059 redonabo:

230 1078 264 1107 in
286 1076 415 1117 gratiam
434 1075 564 1112 Martis,
583 1074 693 1106 odium
716 1074 799 1104 illud

230 1133 294 1164 quo
311 1122 483 1153 Romulum
494 1144 503 1159 ,
522 1131 628 1152 meum
652 1120 799 1161 equidem

230 1174 377 1210 nepotem
386 1190 395 1206 ‚
409 1166 487 1198 seda
497 1166 593 1206 'I'rojzi
606 1165 778 1197 oriundum
790 1189 799 1204 ‚

231 1214 397 1255 deponam.
416 1213 574 1245 Romulus
599 1220 704 1243 autem
715 1235 724 1250 ‚
740 1214 799 1243 Ju-

230 1261 324 1291 nouis
349 1270 465 1301 nepos,
496 1270 553 1300 per
572 1260 707 1290 Martem
719 1281 727 1296 ,
745 1259 801 1298 qui

233 1317 306 1337 eum
325 1317 366 1337 ex
380 1306 437 1336 Ilia
448 1328 457 1343 ‚
470 1306 645 1337 Numitoris
657 1303 722 1335 filia
731 1327 739 1342 ,
753 1315 802 1345 ge-

234 1353 316 1383 uuit.
358 1391 362 1394 Δ

284 1409 315 1440 9.
331 1397 427 1428 Illum
444 1407 504 1438 ego
519 1396 640 1427 lucidas
651 1396 739 1426 Inire
754 1407 802 1426 se-

235 1445 291 1475 des
311 1456 322 1474 :
346 1454 423 1485 ego,
447 1454 504 1484 per
532 1443 724 1484 emphasim3
743 1453 802 1472 evo

233 1501 304 1531 quae
328 1490 393 1521 sola
416 1489 546 1520 Romuli
561 1489 727 1530 apotheosi
744 1489 803 1519 oh-

235 1545 316 1567 stare
323 1537 495 1578 potuissem
507 1547 516 1573 ;
528 1546 597 1577 ega,
613 1535 746 1566 deorum
759 1545 805 1564 re·

236 1585 308 1624 gina
319 1606 328 1621 ‚
347 1583 501 1622 ‚Iovisque
521 1588 552 1611 et
569 1591 660 1611 soror
675 1587 706 1611 et
727 1591 802 1611 con-

234 1630 304 1669 jux.
321 1628 396 1659 Vid.
412 1628 469 1659 inf.
487 1639 518 1658 v.
535 1628 590 1664 64.
611 1629 693 1659 Nota
709 1626 803 1667 quam

237 1676 330 1706 docte
352 1674 461 1705 eadem
478 1674 632 1704 sententia
650 1675 806 1710 varietur3

236 1721 323 1752 [nire
365 1720 455 1750 {sedes
509 1719 651 1756 lucidas,
692 1720 806 1749 ducere

237 1768 345 1798 succos
360 1765 514 1803 nectaris,
534 1767 674 1796 Deorum
688 1765 806 1796 adscri-

238 1813 270 1844 bi
287 1813 447 1844 ordinibus
462 1824 473 1842 .·
495 1812 585 1852 quasi
604 1822 661 1853 per
678 1812 805 1852 longam

237 1861 328 1890 istam
370 1859 614 1899 expolitionem,
652 1857 805 1888 beneficia

237 1917 292 1937 sua
325 1903 538 1947 amplificare,
573 1904 807 1934 conditionem-

237 1963 300 1994 que
318 1951 381 1993 qua
406 1950 643 1987 conceduntur,
658 1957 806 1980 aeternam

236 1999 358 2029 scilieet
371 1998 474 2036 Trojae
495 1997 747 2033 subversionem,
756 1993 808 2025 fir-

238 2043 321 2076 mius
347 2045 468 2075 sancire
494 2043 598 2073 vellet.
617 2060 664 2067 --
687 2042 808 2083 Quietis

240 2092 380 2121 Deorum
404 2089 566 2121 ordinibus
584 2100 594 2119 :
618 2099 659 2119 ex
676 2089 806 2128 Epicuri

238 2136 383 2168 doctriua
402 2147 410 2168 z
427 2136 465 2167 ad
488 2135 570 2166 illud
588 2135 669 2166 redit
689 2136 804 2166 Fonta-

222 2185 308 2214 ·nius
353 2190 479 2223 noster,
505 2182 581 2214 Fab.
610 2182 688 2220 vn,
735 2191 774 2212 12
794 2190 803 2212 :

852 846 897 874 Le
911 853 1013 884 repos,
1030 841 1061 873 Ie
1072 853 1181 883 repos,
1200 841 1299 874 ενέεον
1312 842 1417 883 sipre'-

852 889 963 926 cieux,
989 889 1093 930 Qu’on
1108 888 1273 930 ensaisait
1282 889 1369 931 sadis
1387 889 1416 919 Ie

848 943 987 977 partage
1002 935 1058 965 des
1071 934 1180 965 Dieux
1189 937 1203 965 Ι

899 992 951 1013 10.
975 981 1060 1012 Dum
1075 981 1189 1022 longus
1207 979 1292 1011 inter
1308 979 1416 1010 soeviac

849 1027 952 1064 Ilion,
983 1029 1181 1068 Romamque
1213 1033 1328 1067 pontus
1346 1037 1358 1055 .·
1376 1033 1419 1057 to-

850 1080 881 1104 ta
909 1075 956 1104 vis
987 1074 1150 1104 sententiae
1175 1079 1222 1103 est
1237 1074 1273 1103 in
1287 1071 1346 1102 hac
1364 1083 1419 1103 vo-

851 1131 904 1156 ce,
926 1118 1044 1150 saeviat.
1064 1121 1178 1150 Sensus
1196 1125 1243 1149 est
1264 1128 1272 1150 :
1298 1121 1417 1150 Romu-

851 1166 919 1196 lum
933 1166 1017 1209 intexj
1034 1167 1119 1196 Deos
1139 1164 1289 1195 collocari
1301 1165 1417 1206 patiar,

853 1210 888 1241 ea
903 1212 971 1253 lege
982 1234 991 1249 ,
1011 1218 1048 1241 ut
1063 1221 1164 1248 mare,
1182 1210 1271 1252 quod
1289 1211 1371 1241 Ilion
1387 1218 1419 1240 et

853 1260 986 1289 Romam
1016 1257 1175 1294 interluit,
1207 1257 1416 1297 procellosum

853 1302 909 1334 fiat
918 1327 926 1341 ‚
940 1305 1045 1334 saeviat
1054 1326 1062 1341 ,
1077 1303 1201 1344 quoties
1213 1313 1308 1333 naves
1317 1302 1418 1334 Romzi

854 1350 1003 1390 profectae
1011 1372 1019 1387 ‚
1028 1349 1196 1390 Phrygiam
1205 1350 1350 1389 petiturae
1357 1350 1419 1378 sint

856 1395 894 1426 ad
913 1395 1147 1426 reaedificandos
1164 1395 1268 1434 Trojae
1292 1405 1418 1431 muros;

855 1442 920 1472 imo
952 1449 983 1472 et
1005 1441 1023 1472 ὲ
1046 1441 1226 1478 fortiori,si
1247 1442 1419 1481 Imperium

856 1494 888 1518 et
905 1489 1019 1518 Jovem
1041 1494 1072 1518 et
1090 1487 1230 1528 legiones
1244 1488 1419 1525 Romanas,

855 1532 920 1564 huc
951 1534 1147 1564 translaturae
1173 1533 1304 1564 sint.—-
1317 1534 1418 1563 Exsu-

857 1581 922 1610 Ies:
937 1579 954 1610 a
972 1578 1073 1621 patria
1085 1577 1244 1620 primitiva
1259 1580 1294 1609 in
1311 1589 1422 1620 perpe-

857 1633 948 1656 tuum
971 1626 1114 1667 separati.
1129 1626 1176 1655 De
1195 1626 1348 1657 Romanis
1372 1626 1421 1655 in-

858 1673 961 1714 tellige
969 1671 1134 1713 ,Qquorum
1152 1681 1278 1702 -nomen
1306 1671 1423 1701 subau-

858 1718 961 1749 ditum
975 1710 1018 1748 -ἳιι
1041 1718 1210 1748 collective
1231 1719 1341 1748 Romae
1363 1728 1422 1747 no-

857 1765 942 1795 mine
965 1762 1260 1805 eomprehenditnr.
1277 1780 1324 1787 --
1343 1765 1423 1804 Reg-

857 1819 958 1842 nanto
974 1822 984 1841 .·
1002 1812 1108 1847 Juno,
1135 1816 1173 1840 ut
1196 1819 1341 1850 suprema
1369 1809 1424 1839 fati

856 1857 987 1896 Trojani
1002 1857 1117 1887 arbitra
1126 1877 1135 1894 ,
1146 1863 1178 1886 et
1190 1855 1279 1896 quasi
1292 1855 1308 1885 ὲ
1324 1854 1424 1885 tribu-

859 1903 923 1933 nali
946 1903 1152 1944 pronuntiat3
1171 1902 1276 1942 itaque
1294 1902 1424 1942 impera-

859 1950 961 1979 tivum
978 1949 1074 1986 illud,
1094 1954 1253 1990 regnanto
1277 1947 1404 1977 adhibet
1415 1969 1423 1983 ,

859 1995 946 2035 quod
963 1996 998 2025 in
1018 1995 1093 2026 solis
1120 1993 1248 2034 judiciis
1274 1995 1424 2024 usitatum

859 2048 934 2072 erat.
958 2041 1008 2072 Sic
1027 2040 1290 2080 jurisconsultum
1308 2039 1423 2070 Treba-

859 2089 938 2117 tium
951 2086 1148 2125 introduxit,
1173 2087 1236 2118 Sat.
1252 2087 1300 2124 11,
1324 2096 1337 2115 1
1352 2109 1360 2123 ‚
1378 2085 1396 2114 8
1414 2094 1421 2115 :

862 2134 923 2164 Τὲι·
941 2133 1028 2164 uncti
1056 2134 1259 2164 Tmnsnanto
1277 2130 1421 2162 Tiberine.

906 2190 919 2210 1
931 2190 958 2212 1.
972 2179 1160 2221 Paridisque
1172 2178 1258 2210 buseo
1270 2188 1282 2208 .·
1293 2177 1423 2209 bustum
