1404 2482
405 107 491 138 LIB.
517 107 568 138 111
591 107 679 139 ODE
702 107 829 139 xxlv.

1182 107 1247 137 311

244 164 448 204 Caementis
467 165 559 204 licet
577 179 744 217 occupes

135 225 410 278 Thyrrheuum
431 239 545 264 omne
565 227 642 265 tuis
656 236 695 265 et
709 239 816 265 mare
830 226 1060 279 Apulicum3

241 287 282 326 Si
298 287 380 338 figit
398 287 663 326 adamantinos
1234 297 1249 322 5

135 349 305 388 Summis
319 348 536 388 verticibus
553 349 638 387 dira
653 350 870 388 Necessitas

240 411 378 449 Clavos
412 441 423 460 ,
442 423 522 448 non
543 411 712 449 animum
732 420 836 449 metu
849 441 859 459 ,

133 475 222 512 Non
241 473 378 511 mortis
395 472 543 523 laqueis
559 471 740 523 expedie's
760 480 888 523 caput.

241 536 482 586 Campestres
502 534 639 572 melius
660 534 814 584 Scythae
831 532 859 580 3,

135 598 313 643 Quorum
330 597 502 647 plaustra
515 608 634 645 vagas
653 595 726 632 rite
746 595 906 633 trahunt
924 594 1077 643 domos,
1215 613 1247 629 ιο

239 656 403 705 Vivum,
424 665 462 694 et
481 655 599 706 rigidi
619 660 726 695 Getae
740 684 750 702 ‚

134 720 335 756 Immetata
354 716 495 768 quibus
511 717 649 768 jugera
670 718 686 747 4
702 715 852 768 liberas‘

29 839 160 870 bantur.
171 854 219 862 —-
233 837 406 882 Caementis
423 838 501 870 licet
518 849 608 869 occu-

23 896 86 928 pes
107 895 120 915 .·
147 885 214 917 vid.
239 885 359 927 supra,
383 885 445 918 Od.
471 887 541 924 111,
570 897 607 925 1,

33 933 93 971 35,
115 938 148 964 et
169 939 273 965 notas.
287 949 334 956 —-
350 932 550 973 Tyrrhenum
576 941 611 964 et

30 988 123 1011 mm
153 979 326 1022 Apulicum
351 991 363 1010 :
393 980 459 1011 duo
488 981 606 1018 maria,

30 1027 167 1058 alterum
193 1037 360 1068 superum,
386 1027 524 1058 alterum
558 1027 607 1058 in-

22 1073 155 1116 ferum,
172 1075 258 1105 inter
277 1084 349 1115 quae
364 1074 476 1104 Italica
491 1076 607 1116 penin-

29 1121 99 1152 sula
126 1122 302 1163 procurrit.
320 1138 367 1144 —-
389 1123 494 1152 Omne
514 1133 526 1151 :
549 1132 608 1163 per

28 1167 234 1211 hyperbolen
247 1169 423 1209 poeticam,
444 1174 482 1199 nt
505 1175 607 1199 osten-

33 1215 130 1246 datur
152 1215 342 1259 magnitudo
366 1215 501 1246 molium
528 1226 607 1256 quas

32 1262 130 1294 luxus
145 1264 181 1293 in
196 1273 284 1293 mare
295 1262 444 1302 jaciebat.

81 1319 113 1340 α.
126 1309 250 1354 Sifigit
264 1309 500 1340 adamantinos
517 1312 609 1341 Sum-

33 1356 95 1388 mis
117 1356 292 1388 verticibus
317 1357 390 1387 dira
423 1356 609 1388 Necessitas

36 1403 151 1435 Clavos
170 1415 182 1434 :
203 1404 367 1446 vulgarem
392 1405 582 1435 sententiam
598 1414 607 1435 :

33 1464 51 1477 κ
62 1452 97 1483 Si
111 1450 264 1482 violentie
277 1450 335 1481 suf:
354 1457 384 1481 te
398 1451 522 1482 invadit
538 1450 608 1481 dira

33 1498 222 1537 Necessitas,
231 1497 320 1528 haud
332 1499 362 1528 ei
375 1504 407 1528 te
425 1497 608 1528 subducere

32 1546 154 1586 poteris
163 1567 174 1584 ‚
183 1545 216 1577 h.
232 1556 260 1576 e.
271 1546 298 1575 si
313 1555 414 1576 annos
427 1544 446 1575 ὲ
456 1547 533 1576 Fato
547 1545 608 1575 tihi

33 1591 208 1623 destinatos
233 1591 431 1633 expleveris,
467 1593 608 1623 morien-

33 1634 113 1670 dmn
134 1639 196 1670 tibi
217 1640 299 1677 etit3
312 1654 330 1667 a
359 1638 528 1680 splendide
552 1650 608 1670 ex·

33 1687 163 1718 ornavit
190 1693 295 1728 poeta.
318 1687 386 1717 Dea
411 1686 606 1724 Necessitas,

33 1732 68 1764 h.
95 1744 124 1765 e.
153 1735 290 1770 Fatum,
314 1725 457 1778 Ᾰνοίγκη.
481 1733 608 1778 Μοῖρα,

33 1780 142 1812 clavos
163 1780 416 1818 adamantinos,
443 1781 476 1811 h.
499 1791 527 1812 e.
553 1778 607 1811 fir-

34 1828 192 1859 missimos
224 1827 516 1869 validissimosque,
558 1828 607 1858 vel

33 1874 175 1906 trabales
202 1875 262 1916 (ut
289 1874 386 1916 suprii
416 1877 449 1913 Ι,
475 1875 530 1914 35,
554 1875 606 1914 18,

33 1921 213 1964 vocantur)
228 1932 327 1953 manu
339 1929 460 1964 gestare
468 1945 477 1960 ,
490 1933 608 1964 eosque

31 1968 130 2000 rebus
145 1969 197 2000 vel
209 1970 354 2011 personis
363 1992 372 2007 ,
386 1979 465 2010 quas
478 1969 608 2001 domare

33 2015 86 2047 vel
98 2017 249 2058 potestati
262 2026 328 2046 suae
344 2016 502 2056 subjicere
515 2017 588 2048 vult
596 2040 606 2056 ‚

31 2061 168 2107 infigere
181 2061 326 2106 fingitur.
348 2063 430 2095 Cum
443 2063 495 2094 his
512 2063 609 2094 clavis

30 2109 132 2152 igitur
156 2110 342 2142 Necessitas
361 2118 494 2152 apparet
524 2111 609 2152 apud

33 2156 150 2188 divites
172 2159 273 2189 morti
304 2157 500 2196 destinatos,
516 2158 607 2189 fixis-

31 2214 97 2246 que
111 2204 175 2236 illis
191 2206 228 2236 in
239 2205 373 2236 summis
388 2215 503 2237 eorum
514 2206 611 2236 verti-

34 2251 146 2291 cibus,
168 2252 251 2284 mori
273 2263 328 2284 eos
346 2251 454 2294 adigit.
476 2255 540 2285 Res
554 2263 609 2284 an·

662 838 727 869 tem
738 837 895 868 dicuntur
906 835 1154 876 adamantinae,
1172 850 1245 882 quae

661 885 813 916 firmitate
827 892 858 915 et
865 885 983 916 robore
997 896 1057 917 suo
1064 893 1141 917 sunt
1154 887 1245 918 inex·

661 931 862 975 pugnabiles.
879 934 1006 964 -Non
1019 932 1162 964 animum
1179 945 1243 966 me-

661 989 694 1012 tu
703 991 715 1010 .-
722 986 812 1010 metu
821 979 944 1010 scilicet
953 980 1076 1018 mortis,
1087 980 1127 1011 de
1136 980 1198 1022 quei
1209 983 1244 1013 in

661 1037 757 1059 versu
782 1028 946 1067 sequenti,
962 1038 1030 1059 non
1052 1028 1245 1071 generaliter

661 1075 701 1106 de
717 1073 868 1115 quolibet
884 1075 998 1105 timore
1012 1082 1067 1105 aut
1082 1074 1171 1107 cura.

700 1122 738 1152 ⁴3.
754 1121 959 1162 Campestres
966 1122 1081 1152 meliits
1091 1121 1220 1162 Scythae
1230 1134 1244 1153 .-

660 1178 768 1198 mores
783 1170 948 1199 Romanos
963 1168 1159 1200 vividissime
1177 1180 1244 1200 car-

660 1215 724 1256 pit,
752 1226 810 1256 pet·
837 1215 1102 1247 exclamationem
1131 1217 1219 1247 illam
1231 1241 1241 1256 ‚

662 1261 799 1292 melias!
817 1272 908 1303 quae,
937 1270 994 1302 ut,
1026 1263 1150 1306 quanto
1176 1275 1242 1295 me-

662 1308 746 1340 lifes!
764 1309 950 1350 accipienda
974 1317 1040 1348 est,
1065 1309 1144 1341 dum
1168 1311 1243 1342 illos

661 1364 827 1398 comparat
846 1357 992 1388 moribus
1006 1357 1243 1400 simpliciorum

662 1410 694 1434 et
707 1404 783 1434 ideo
804 1403 985 1434 feliciorum
1001 1406 1145 1447 gentium
1159 1416 1243 1447 quos

662 1450 702 1480 ad
730 1451 843 1481 vivum
861 1449 929 1490 jzim
953 1462 1166 1492 expressurus
1181 1459 1240 1484 est.

662 1500 723 1528 Per
738 1505 933 1538 campestres
945 1498 1088 1541 intellige
1098 1521 1108 1537 ‚
1123 1499 1243 1531 urbani

662 1544 820 1575 domicilii
850 1545 984 1576 feliciter
1019 1546 1160 1587 ignaros.
1194 1564 1242 1571 —

664 1593 806 1633 Quorum
818 1592 965 1632 plaustra
978 1603 1089 1635 vagas
1101 1592 1161 1623 riu}
1175 1600 1241 1625 tra-

661 1637 744 1669 hunt
756 1638 870 1669 domos
884 1650 896 1670 :
909 1639 954 1670 sic
966 1649 1033 1670 rem
1048 1647 1156 1671 narrat
1170 1642 1243 1672 Jus-

662 1687 766 1725 tinus,
800 1687 834 1716 11
865 1696 874 1717 :
907 1688 1034 1717 Uxores
1063 1686 1241 1730 liberosque

660 1744 766 1763 secum
790 1732 822 1763 in
833 1733 989 1774 plaustris
1011 1733 1155 1772 vehunt,
1173 1735 1242 1777 qui-

661 1780 732 1817 bus,
753 1780 860 1819 corio,
882 1780 1030 1812 imbrium
1053 1780 1240 1824 hyemis-qne

662 1825 764 1857 causiz'
773 1851 784 1866 ,
796 1828 900 1866 tectis,
915 1839 978 1870 pro
990 1828 1136 1860 domibus
1149 1837 1241 1860 utun-

662 1882 722 1906 tur.
732 1874 829 1906 Unde
838 1875 887 1906 illi
895 1875 913 1906 ἐι
926 1876 1049 1906 Graecis
1057 1875 1137 1906 dicti
1144 1884 1222 1908 sunt
1229 1899 1239 1915 ‚

662 1920 830 1965 ἁμαζόικοι
851 1929 883 1953 et
896 1919 1078 1966 ἀμαξόἕιῡι.
1094 1925 1172 1954 Vox
1185 1923 1239 1955 illa

662 1969 738 2007 rite,
752 1969 791 2000 ad
805 1970 995 2013 religionem
1013 1977 1044 2001 et
1061 1980 1167 2001 mores
1183 1971 1239 2012 qui

660 2018 869 2048 sacro-sancti
886 2017 1060 2055 habentur,
1085 2018 1240 2058 pertinet.

661 2063 827 2095 Adversus
857 2063 934 2095 deos
952 2075 1028 2096 suos
1051 2074 1183 2106 peccare
1205 2075 1238 2095 sc

663 2111 874 2142 credidissent
890 2111 1018 2154 Scythae
1036 2118 1068 2142 et
1091 2111 1197 2150 Getae,
1211 2113 1239 2142 si

663 2159 703 2189 ab
744 2160 885 2200 antiquis
910 2159 1067 2190 institutis
1088 2158 1239 2190 decessis-

662 2213 743 2237 sent.

711 2259 743 2290 4.
771 2255 946 2285 Immetata
966 2252 1079 2295 quibus
1090 2252 1210 2296 jugera
1225 2265 1237 2284 .-
