<?xml version="1.0" encoding="UTF-8"?>
<!DOCTYPE html PUBLIC "-//W3C//DTD XHTML 1.0 Transitional//EN"
    "http://www.w3.org/TR/xhtml1/DTD/xhtml1-transitional.dtd">
<html xmlns="http://www.w3.org/1999/xhtml" xml:lang="en" lang="en">
 <head>
  <title>
</title>
<meta http-equiv="Content-Type" content="text/html;charset=utf-8" />
  <meta name='ocr-system' content='tesseract 3.04.00' />
  <meta name='ocr-capabilities' content='ocr_page ocr_carea ocr_par ocr_line ocrx_word'/>
</head>
<body>
  <div class='ocr_page' id='page_1' title='image "./quintushoratiusf01horauoft_0341.png"; bbox 0 0 1456 2508; ppageno 0'>
   <div class='ocr_carea' id='block_1_1' title="bbox 431 145 830 179">
    <p class='ocr_par' dir='ltr' id='par_1_1' title="bbox 431 145 830 179">
     <span class='ocr_line' id='line_1_1' title="bbox 431 145 830 179; baseline 0.003 -2"><span class='ocrx_word' id='word_1_1' title='bbox 431 145 510 177; x_wconf 79' lang='lat' dir='ltr'><strong>Lm.</strong></span> <span class='ocrx_word' id='word_1_2' title='bbox 534 146 584 177; x_wconf 90' lang='lat'><strong>111</strong></span> <span class='ocrx_word' id='word_1_3' title='bbox 607 145 695 179; x_wconf 89' lang='lat' dir='ltr'><strong>ODE</strong></span> <span class='ocrx_word' id='word_1_4' title='bbox 719 146 830 178; x_wconf 79' lang='lat' dir='ltr'>xxu.</span> 
     </span>
    </p>
   </div>
   <div class='ocr_carea' id='block_1_2' title="bbox 1189 147 1252 186">
    <p class='ocr_par' dir='ltr' id='par_1_2' title="bbox 1189 147 1252 186">
     <span class='ocr_line' id='line_1_2' title="bbox 1189 147 1252 186; baseline -0.016 -8"><span class='ocrx_word' id='word_1_5' title='bbox 1189 147 1252 186; x_wconf 84' lang='lat'><strong>307</strong></span> 
     </span>
    </p>
   </div>
   <div class='ocr_carea' id='block_1_3' title="bbox 141 202 887 440">
    <p class='ocr_par' dir='ltr' id='par_1_3' title="bbox 141 202 842 255">
     <span class='ocr_line' id='line_1_3' title="bbox 141 202 842 255; baseline 0 -14"><span class='ocrx_word' id='word_1_6' title='bbox 141 203 348 242; x_wconf 82' lang='lat' dir='ltr'><strong>Imminens</strong></span> <span class='ocrx_word' id='word_1_7' title='bbox 367 202 467 242; x_wconf 83' lang='lat' dir='ltr'><strong>viuae</strong></span> <span class='ocrx_word' id='word_1_8' title='bbox 482 212 550 242; x_wconf 86' lang='lat' dir='ltr'><strong>tua</strong></span> <span class='ocrx_word' id='word_1_9' title='bbox 568 203 682 255; x_wconf 86' lang='lat' dir='ltr'>pinus</span> <span class='ocrx_word' id='word_1_10' title='bbox 701 212 784 243; x_wconf 88' lang='lat' dir='ltr'><strong>esto</strong></span> <span class='ocrx_word' id='word_1_11' title='bbox 807 212 842 251; x_wconf 66' lang='grc' dir='ltr'><strong>’ς</strong></span> 
     </span>
    </p>

    <p class='ocr_par' dir='ltr' id='par_1_4' title="bbox 144 266 887 317">
     <span class='ocr_line' id='line_1_4' title="bbox 144 266 887 317; baseline 0 -15"><span class='ocrx_word' id='word_1_12' title='bbox 144 266 270 311; x_wconf 85' lang='lat' dir='ltr'><strong>Quam</strong></span> <span class='ocrx_word' id='word_1_13' title='bbox 289 277 361 316; x_wconf 85' lang='lat' dir='ltr'><strong>per</strong></span> <span class='ocrx_word' id='word_1_14' title='bbox 376 273 530 304; x_wconf 85' lang='lat' dir='ltr'><strong>exactos</strong></span> <span class='ocrx_word' id='word_1_15' title='bbox 547 278 619 317; x_wconf 86' lang='lat' dir='ltr'><strong>ego</strong></span> <span class='ocrx_word' id='word_1_16' title='bbox 638 266 747 303; x_wconf 84' lang='lat' dir='ltr'><strong>laetus</strong></span> <span class='ocrx_word' id='word_1_17' title='bbox 766 275 887 303; x_wconf 86' lang='lat' dir='ltr'><strong>annos</strong></span> 
     </span>
    </p>

    <p class='ocr_par' dir='ltr' id='par_1_5' title="bbox 142 325 872 440">
     <span class='ocr_line' id='line_1_5' title="bbox 142 325 872 378; baseline 0.001 -15"><span class='ocrx_word' id='word_1_18' title='bbox 142 325 274 365; x_wconf 85' lang='lat' dir='ltr'><strong>Verris</strong></span> <span class='ocrx_word' id='word_1_19' title='bbox 293 325 494 378; x_wconf 84' lang='lat' dir='ltr'><strong>obliquum</strong></span> <span class='ocrx_word' id='word_1_20' title='bbox 514 327 733 366; x_wconf 85' lang='lat' dir='ltr'><strong>meditantis</strong></span> <span class='ocrx_word' id='word_1_21' title='bbox 751 326 872 365; x_wconf 85' lang='lat' dir='ltr'>ictum</span> 
     </span>
     <span class='ocr_line' id='line_1_6' title="bbox 386 389 749 440; baseline 0 -13"><span class='ocrx_word' id='word_1_22' title='bbox 386 389 579 440; x_wconf 83' lang='lat' dir='ltr'><strong>Sanguine</strong></span> <span class='ocrx_word' id='word_1_23' title='bbox 598 389 749 427; x_wconf 87' lang='lat' dir='ltr'><strong>donem.</strong></span> 
     </span>
    </p>
   </div>
   <div class='ocr_carea' id='block_1_4' title="bbox 33 515 612 1032">
    <p class='ocr_par' dir='ltr' id='par_1_6' title="bbox 35 515 612 747">
     <span class='ocr_line' id='line_1_7' title="bbox 35 515 612 558; baseline -0.002 -10"><span class='ocrx_word' id='word_1_24' title='bbox 35 515 154 548; x_wconf 70' lang='lat' dir='ltr'><strong>iterilm</strong></span> <span class='ocrx_word' id='word_1_25' title='bbox 167 515 246 548; x_wconf 69' lang='lat' dir='ltr'><strong>dfim</strong></span> <span class='ocrx_word' id='word_1_26' title='bbox 259 515 428 548; x_wconf 80' lang='lat' dir='ltr'>decrescit:</span> <span class='ocrx_word' id='word_1_27' title='bbox 442 517 509 547; x_wconf 87' lang='lat' dir='ltr'><strong>sive</strong></span> <span class='ocrx_word' id='word_1_28' title='bbox 522 516 612 558; x_wconf 66' lang='lat' dir='ltr'>qubd</span> 
     </span>
     <span class='ocr_line' id='line_1_8' title="bbox 38 563 607 607; baseline 0 -11"><span class='ocrx_word' id='word_1_29' title='bbox 38 563 156 606; x_wconf 81' lang='lat' dir='ltr'>triplici</span> <span class='ocrx_word' id='word_1_30' title='bbox 168 565 210 595; x_wconf 83' lang='lat' dir='ltr'><strong>sit</strong></span> <span class='ocrx_word' id='word_1_31' title='bbox 227 570 402 607; x_wconf 80' lang='lat' dir='ltr'><strong>potestate,</strong></span> <span class='ocrx_word' id='word_1_32' title='bbox 416 565 496 595; x_wconf 86' lang='lat' dir='ltr'><strong>etin</strong></span> <span class='ocrx_word' id='word_1_33' title='bbox 513 564 607 601; x_wconf 88' lang='lat' dir='ltr'>coelo,</span> 
     </span>
     <span class='ocr_line' id='line_1_9' title="bbox 36 610 612 652; baseline -0.003 -8"><span class='ocrx_word' id='word_1_34' title='bbox 36 612 115 644; x_wconf 79' lang='lat' dir='ltr'><strong>etin</strong></span> <span class='ocrx_word' id='word_1_35' title='bbox 131 610 216 642; x_wconf 62' lang='lat' dir='ltr'><strong>terrai</strong></span> <span class='ocrx_word' id='word_1_36' title='bbox 226 634 236 650; x_wconf 87' lang='lat'><strong><em>‚</em></strong></span> <span class='ocrx_word' id='word_1_37' title='bbox 254 618 286 643; x_wconf 85' lang='lat' dir='ltr'><strong>et</strong></span> <span class='ocrx_word' id='word_1_38' title='bbox 301 610 388 652; x_wconf 80' lang='lat' dir='ltr'>apud</span> <span class='ocrx_word' id='word_1_39' title='bbox 403 610 542 650; x_wconf 70' lang='lat' dir='ltr'><strong>infel-0⁸3</strong></span> <span class='ocrx_word' id='word_1_40' title='bbox 555 622 612 642; x_wconf 86' lang='lat' dir='ltr'><strong>uu-</strong></span> 
     </span>
     <span class='ocr_line' id='line_1_10' title="bbox 36 658 612 701; baseline -0.002 -10"><span class='ocrx_word' id='word_1_41' title='bbox 36 659 77 691; x_wconf 67' lang='lat' dir='ltr'><strong>de</strong></span> <span class='ocrx_word' id='word_1_42' title='bbox 87 658 206 701; x_wconf 74' lang='lat' dir='ltr'><strong>triplex</strong></span> <span class='ocrx_word' id='word_1_43' title='bbox 217 659 352 691; x_wconf 78' lang='lat' dir='ltr'><strong>sortitur</strong></span> <span class='ocrx_word' id='word_1_44' title='bbox 359 669 491 697; x_wconf 89' lang='lat' dir='ltr'><strong>nomen,</strong></span> <span class='ocrx_word' id='word_1_45' title='bbox 500 661 612 698; x_wconf 82' lang='lat' dir='ltr'>Lunae,</span> 
     </span>
     <span class='ocr_line' id='line_1_11' title="bbox 35 706 395 747; baseline -0.011 -7"><span class='ocrx_word' id='word_1_46' title='bbox 35 707 149 740; x_wconf 75' lang='lat' dir='ltr'><strong>Dianae</strong></span> <span class='ocrx_word' id='word_1_47' title='bbox 158 729 168 746; x_wconf 83' lang='lat'>‚</span> <span class='ocrx_word' id='word_1_48' title='bbox 183 706 395 747; x_wconf 71' lang='lat' dir='ltr'><strong>Proserpinae.</strong></span> 
     </span>
    </p>

    <p class='ocr_par' dir='ltr' id='par_1_7' title="bbox 33 752 612 1032">
     <span class='ocr_line' id='line_1_12' title="bbox 82 752 612 795; baseline -0.002 -11"><span class='ocrx_word' id='word_1_49' title='bbox 82 763 113 784; x_wconf 84' lang='lat'><strong>2.</strong></span> <span class='ocrx_word' id='word_1_50' title='bbox 134 753 316 785; x_wconf 81' lang='lat' dir='ltr'><strong>Imminens</strong></span> <span class='ocrx_word' id='word_1_51' title='bbox 330 752 426 784; x_wconf 81' lang='lat' dir='ltr'><em>villoe</em></span> <span class='ocrx_word' id='word_1_52' title='bbox 441 760 504 784; x_wconf 80' lang='lat' dir='ltr'><strong>tuae</strong></span> <span class='ocrx_word' id='word_1_53' title='bbox 511 753 612 795; x_wconf 81' lang='lat' dir='ltr'><em>pinus</em></span> 
     </span>
     <span class='ocr_line' id='line_1_13' title="bbox 35 800 611 842; baseline 0 -11"><span class='ocrx_word' id='word_1_54' title='bbox 35 807 103 832; x_wconf 77' lang='lat' dir='ltr'><strong>esto</strong></span> <span class='ocrx_word' id='word_1_55' title='bbox 118 811 129 831; x_wconf 90' lang='lat'><em>:</em></span> <span class='ocrx_word' id='word_1_56' title='bbox 145 801 191 832; x_wconf 86' lang='lat' dir='ltr'><strong>sic</strong></span> <span class='ocrx_word' id='word_1_57' title='bbox 207 807 361 832; x_wconf 83' lang='lat' dir='ltr'>construe</span> <span class='ocrx_word' id='word_1_58' title='bbox 381 810 389 832; x_wconf 92' lang='lat'>:</span> <span class='ocrx_word' id='word_1_59' title='bbox 411 801 508 842; x_wconf 81' lang='lat' dir='ltr'><strong>pinus</strong></span> <span class='ocrx_word' id='word_1_60' title='bbox 526 800 611 831; x_wconf 82' lang='lat' dir='ltr'>villae</span> 
     </span>
     <span class='ocr_line' id='line_1_14' title="bbox 33 847 610 885; baseline -0.002 -6"><span class='ocrx_word' id='word_1_61' title='bbox 33 849 207 880; x_wconf 78' lang='lat' dir='ltr'><strong>imminens</strong></span> <span class='ocrx_word' id='word_1_62' title='bbox 234 854 303 880; x_wconf 74' lang='lat' dir='ltr'><strong>esto</strong></span> <span class='ocrx_word' id='word_1_63' title='bbox 339 855 414 885; x_wconf 84' lang='lat' dir='ltr'><em>tua,</em></span> <span class='ocrx_word' id='word_1_64' title='bbox 445 847 502 878; x_wconf 82' lang='lat' dir='ltr'><em>tibi</em></span> <span class='ocrx_word' id='word_1_65' title='bbox 522 858 610 879; x_wconf 71' lang='lat' dir='ltr'><strong>sacra</strong></span> 
     </span>
     <span class='ocr_line' id='line_1_15' title="bbox 34 894 611 939; baseline -0.002 -13"><span class='ocrx_word' id='word_1_66' title='bbox 34 896 92 934; x_wconf 81' lang='lat' dir='ltr'><strong>sit,</strong></span> <span class='ocrx_word' id='word_1_67' title='bbox 108 894 127 926; x_wconf 66' lang='grc' dir='ltr'><strong>ὲ</strong></span> <span class='ocrx_word' id='word_1_68' title='bbox 143 902 174 927; x_wconf 75' lang='lat' dir='ltr'><strong>te</strong></span> <span class='ocrx_word' id='word_1_69' title='bbox 191 906 252 938; x_wconf 85' lang='lat' dir='ltr'><strong>pro</strong></span> <span class='ocrx_word' id='word_1_70' title='bbox 276 903 333 927; x_wconf 82' lang='lat' dir='ltr'><strong>cua</strong></span> <span class='ocrx_word' id='word_1_71' title='bbox 347 902 550 939; x_wconf 65' lang='lat' dir='ltr'>agnoscatur.</span> <span class='ocrx_word' id='word_1_72' title='bbox 563 913 611 920; x_wconf 84' lang='lat'><strong>-—</strong></span> 
     </span>
     <span class='ocr_line' id='line_1_16' title="bbox 36 942 610 985; baseline -0.002 -11"><span class='ocrx_word' id='word_1_73' title='bbox 36 944 100 974; x_wconf 83' lang='lat' dir='ltr'><strong>Per</strong></span> <span class='ocrx_word' id='word_1_74' title='bbox 115 950 249 975; x_wconf 75' lang='lat' dir='ltr'><strong>exactos</strong></span> <span class='ocrx_word' id='word_1_75' title='bbox 267 954 373 975; x_wconf 84' lang='lat' dir='ltr'><em>annos</em></span> <span class='ocrx_word' id='word_1_76' title='bbox 386 954 397 974; x_wconf 81' lang='grc'><strong>.-</strong></span> <span class='ocrx_word' id='word_1_77' title='bbox 410 942 539 985; x_wconf 72' lang='lat' dir='ltr'><strong>quoties</strong></span> <span class='ocrx_word' id='word_1_78' title='bbox 554 954 610 974; x_wconf 84' lang='lat' dir='ltr'><strong>an-</strong></span> 
     </span>
     <span class='ocr_line' id='line_1_17' title="bbox 35 990 607 1032; baseline 0 -12"><span class='ocrx_word' id='word_1_79' title='bbox 35 999 96 1020; x_wconf 85' lang='lat' dir='ltr'><strong>nus</strong></span> <span class='ocrx_word' id='word_1_80' title='bbox 123 1001 253 1022; x_wconf 76' lang='lat' dir='ltr'>cursum</span> <span class='ocrx_word' id='word_1_81' title='bbox 282 1001 377 1022; x_wconf 86' lang='lat' dir='ltr'>suum</span> <span class='ocrx_word' id='word_1_82' title='bbox 410 990 588 1032; x_wconf 77' lang='lat' dir='ltr'><strong>expleverit</strong></span> <span class='ocrx_word' id='word_1_83' title='bbox 600 1002 607 1029; x_wconf 82' lang='lat'><em>3</em></span> 
     </span>
    </p>
   </div>
   <div class='ocr_carea' id='block_1_5' title="bbox 663 515 1250 1032">
    <p class='ocr_par' dir='ltr' id='par_1_8' title="bbox 663 515 1250 1032">
     <span class='ocr_line' id='line_1_18' title="bbox 665 515 1248 558; baseline 0.003 -12"><span class='ocrx_word' id='word_1_84' title='bbox 665 527 723 558; x_wconf 85' lang='lat' dir='ltr'><strong>per</strong></span> <span class='ocrx_word' id='word_1_85' title='bbox 735 515 944 558; x_wconf 85' lang='lat' dir='ltr'>periphrasim</span> <span class='ocrx_word' id='word_1_86' title='bbox 954 539 962 554; x_wconf 90' lang='lat'>‚</span> <span class='ocrx_word' id='word_1_87' title='bbox 980 526 1041 557; x_wconf 87' lang='lat' dir='ltr'><strong>pro</strong></span> <span class='ocrx_word' id='word_1_88' title='bbox 1054 516 1248 558; x_wconf 73' lang='lat' dir='ltr'><em>quotannis.</em></span> 
     </span>
     <span class='ocr_line' id='line_1_19' title="bbox 663 562 1248 605; baseline 0.002 -11"><span class='ocrx_word' id='word_1_89' title='bbox 663 581 712 588; x_wconf 94' lang='lat'><strong>——</strong></span> <span class='ocrx_word' id='word_1_90' title='bbox 727 562 900 605; x_wconf 80' lang='lat' dir='ltr'><em>Obliquum</em></span> <span class='ocrx_word' id='word_1_91' title='bbox 916 562 1104 594; x_wconf 81' lang='lat' dir='ltr'><em>meditantis</em></span> <span class='ocrx_word' id='word_1_92' title='bbox 1120 562 1217 595; x_wconf 81' lang='lat' dir='ltr'><em>ictum</em></span> <span class='ocrx_word' id='word_1_93' title='bbox 1237 575 1248 595; x_wconf 79' lang='grc'><strong>.-</strong></span> 
     </span>
     <span class='ocr_line' id='line_1_20' title="bbox 664 617 1250 652; baseline 0 -10"><span class='ocrx_word' id='word_1_94' title='bbox 664 620 772 642; x_wconf 80' lang='lat' dir='ltr'><strong>verres</strong></span> <span class='ocrx_word' id='word_1_95' title='bbox 785 634 794 650; x_wconf 92' lang='lat'><strong><em>‚</em></strong></span> <span class='ocrx_word' id='word_1_96' title='bbox 805 621 927 652; x_wconf 82' lang='lat' dir='ltr'>porcus</span> <span class='ocrx_word' id='word_1_97' title='bbox 940 621 1010 642; x_wconf 89' lang='lat' dir='ltr'><strong>non</strong></span> <span class='ocrx_word' id='word_1_98' title='bbox 1025 617 1173 642; x_wconf 77' lang='lat' dir='ltr'><strong>exsectus</strong></span> <span class='ocrx_word' id='word_1_99' title='bbox 1182 634 1192 649; x_wconf 93' lang='lat'>‚</span> <span class='ocrx_word' id='word_1_100' title='bbox 1215 618 1250 643; x_wconf 84' lang='lat' dir='ltr'><strong>et</strong></span> 
     </span>
     <span class='ocr_line' id='line_1_21' title="bbox 664 656 1246 700; baseline 0.002 -11"><span class='ocrx_word' id='word_1_101' title='bbox 664 658 740 689; x_wconf 61' lang='lat' dir='ltr'><strong>idei&gt;</strong></span> <span class='ocrx_word' id='word_1_102' title='bbox 756 658 912 697; x_wconf 82' lang='lat' dir='ltr'><strong>ferocior,</strong></span> <span class='ocrx_word' id='word_1_103' title='bbox 937 658 1007 700; x_wconf 79' lang='lat' dir='ltr'>apri</span> <span class='ocrx_word' id='word_1_104' title='bbox 1020 656 1122 689; x_wconf 65' lang='lat' dir='ltr'>instixr</span> <span class='ocrx_word' id='word_1_105' title='bbox 1133 681 1142 697; x_wconf 92' lang='lat'>‚</span> <span class='ocrx_word' id='word_1_106' title='bbox 1158 668 1246 690; x_wconf 83' lang='lat' dir='ltr'><strong>uon-</strong></span> 
     </span>
     <span class='ocr_line' id='line_1_22' title="bbox 667 704 1248 747; baseline 0.002 -11"><span class='ocrx_word' id='word_1_107' title='bbox 667 705 728 736; x_wconf 82' lang='lat' dir='ltr'><strong>nisi</strong></span> <span class='ocrx_word' id='word_1_108' title='bbox 750 705 884 747; x_wconf 75' lang='lat' dir='ltr'><strong>oblique</strong></span> <span class='ocrx_word' id='word_1_109' title='bbox 913 713 945 737; x_wconf 88' lang='lat' dir='ltr'><strong>et</strong></span> <span class='ocrx_word' id='word_1_110' title='bbox 966 704 985 736; x_wconf 66' lang='grc' dir='ltr'>ὲ</span> <span class='ocrx_word' id='word_1_111' title='bbox 1012 705 1130 743; x_wconf 85' lang='lat' dir='ltr'><strong>latere,</strong></span> <span class='ocrx_word' id='word_1_112' title='bbox 1150 705 1248 737; x_wconf 83' lang='lat' dir='ltr'><strong>dente</strong></span> 
     </span>
     <span class='ocr_line' id='line_1_23' title="bbox 666 752 1248 790; baseline 0.002 -7"><span class='ocrx_word' id='word_1_113' title='bbox 666 763 804 784; x_wconf 79' lang='lat' dir='ltr'><strong>recurvo</strong></span> <span class='ocrx_word' id='word_1_114' title='bbox 820 760 853 784; x_wconf 84' lang='lat' dir='ltr'><strong>et</strong></span> <span class='ocrx_word' id='word_1_115' title='bbox 879 759 1043 790; x_wconf 77' lang='lat' dir='ltr'><strong>exstante,</strong></span> <span class='ocrx_word' id='word_1_116' title='bbox 1063 752 1148 785; x_wconf 83' lang='lat' dir='ltr'><strong>ferit.</strong></span> <span class='ocrx_word' id='word_1_117' title='bbox 1167 752 1248 785; x_wconf 75' lang='lat' dir='ltr'><strong>Indi:</strong></span> 
     </span>
     <span class='ocr_line' id='line_1_24' title="bbox 666 797 1247 844; baseline 0.003 -14"><span class='ocrx_word' id='word_1_118' title='bbox 666 799 752 842; x_wconf 84' lang='lat' dir='ltr'>apud</span> <span class='ocrx_word' id='word_1_119' title='bbox 784 802 979 840; x_wconf 79' lang='lat' dir='ltr'><strong>Homerum,</strong></span> <span class='ocrx_word' id='word_1_120' title='bbox 1017 811 1094 842; x_wconf 79' lang='lat' dir='ltr'><strong>aper</strong></span> <span class='ocrx_word' id='word_1_121' title='bbox 1126 797 1247 844; x_wconf 67' lang='grc' dir='ltr'>ὃῦχμὸς</span> 
     </span>
     <span class='ocr_line' id='line_1_25' title="bbox 666 845 1247 890; baseline 0 -11"><span class='ocrx_word' id='word_1_122' title='bbox 666 845 782 879; x_wconf 66' lang='lat' dir='ltr'><em>&amp;icam</em></span> <span class='ocrx_word' id='word_1_123' title='bbox 799 847 939 887; x_wconf 83' lang='lat' dir='ltr'>dicitur,</span> <span class='ocrx_word' id='word_1_124' title='bbox 961 847 1109 890; x_wconf 76' lang='lat' dir='ltr'><em>obliquus</em></span> <span class='ocrx_word' id='word_1_125' title='bbox 1133 859 1247 885; x_wconf 81' lang='lat' dir='ltr'><strong>ruere,-</strong></span> 
     </span>
     <span class='ocr_line' id='line_1_26' title="bbox 665 895 1248 938; baseline 0 -12"><span class='ocrx_word' id='word_1_126' title='bbox 665 895 756 926; x_wconf 74' lang='lat' dir='ltr'><strong>Iliad.</strong></span> <span class='ocrx_word' id='word_1_127' title='bbox 790 897 874 930; x_wconf 75' lang='grc' dir='ltr'><strong>ΧΠ.</strong></span> <span class='ocrx_word' id='word_1_128' title='bbox 907 895 983 933; x_wconf 75' lang='grc' dir='ltr'><strong>ι48.</strong></span> <span class='ocrx_word' id='word_1_129' title='bbox 1007 913 1053 920; x_wconf 91' lang='lat'><strong>-—-</strong></span> <span class='ocrx_word' id='word_1_130' title='bbox 1079 895 1248 938; x_wconf 83' lang='lat' dir='ltr'><strong>Sanguine</strong></span> 
     </span>
     <span class='ocr_line' id='line_1_27' title="bbox 664 943 1248 985; baseline 0 -12"><span class='ocrx_word' id='word_1_131' title='bbox 664 943 782 974; x_wconf 86' lang='lat' dir='ltr'><strong>donem</strong></span> <span class='ocrx_word' id='word_1_132' title='bbox 819 955 829 973; x_wconf 90' lang='lat'><em>:</em></span> <span class='ocrx_word' id='word_1_133' title='bbox 870 954 930 985; x_wconf 85' lang='lat' dir='ltr'><strong>pro</strong></span> <span class='ocrx_word' id='word_1_134' title='bbox 942 967 950 982; x_wconf 95' lang='lat'>,</span> <span class='ocrx_word' id='word_1_135' title='bbox 990 943 1138 981; x_wconf 78' lang='lat' dir='ltr'><strong>donabo,</strong></span> <span class='ocrx_word' id='word_1_136' title='bbox 1180 943 1248 974; x_wconf 86' lang='lat' dir='ltr'><strong>irri-</strong></span> 
     </span>
     <span class='ocr_line' id='line_1_28' title="bbox 665 990 762 1032; baseline 0.021 -13"><span class='ocrx_word' id='word_1_137' title='bbox 665 990 762 1032; x_wconf 80' lang='lat' dir='ltr'>gabo.</span> 
     </span>
    </p>
   </div>
  </div>
 </body>
</html>
