1456 2508
54 119 55 122 ,
255 121 258 122 ⁷
503 86 584 118 LIB-
607 85 660 121 ,111
683 85 772 117 ODE
794 86 891 119 xn..

51 130 54 131 ⁷
85 152 237 189 Patruae
253 145 419 186 verbera
436 145 589 199 linguae.
606 144 696 184 Tibi
714 153 730 167 ²
745 146 905 196 qualum
921 143 936 168 3
954 144 1157 196 Cythereae

1235 97 1300 127 277

85 213 188 251 Puer
205 208 302 258 ales,
321 207 398 247 tibi
408 209 521 256 telas,
541 220 794 260 operosaeque
811 207 999 246 Minervae

89 271 271 313 studium
291 270 436 318 aufert,
452 269 650 318 Neobule,
665 268 822 320 Liparei
840 269 945 306 nitor
964 267 1109 317 Hebri,
1291 280 1304 304 s

87 333 210 375 Simul
227 342 364 372 unctos
382 331 576 371 Tiberinis
599 331 781 369 humeros
799 330 894 368 lavit
910 330 951 368 in
970 330 1102 380 undis,

89 398 218 448 Eques
237 395 324 448 ipso
339 393 477 433 melior
492 391 791 443 Bellerophonte
810 391 838 438 4,
857 405 983 443 neque
999 404 1149 443 pugno,

89 459 226 510 Neque
244 456 351 509 segni
368 454 469 507 pede
483 453 629 502 victus;
653 462 760 492 catus
776 452 878 491 idem
898 466 969 504 per
986 463 1161 505 apertum

89 519 296 571 Fugientes
312 516 456 569 agitato
473 528 588 567 grege
600 527 736 553 cervos
749 513 931 566 jaculari,
945 523 984 552 et

91 581 202 620 Celer
220 579 297 619 alto
308 579 523 617 latitantem
543 576 725 615 fruticeto
744 575 925 627 excipere
946 589 1096 628 aprum.

141 711 173 734 α.
191 699 262 732 Tibi
275 710 288 731 .-
310 698 382 730 talis
407 704 455 729 est
478 704 534 728 tua
558 697 670 729 condi-

92 750 150 788 tio,
160 749 182 779 ὁ
195 747 344 781 Neobule
353 756 364 785 ;
378 755 463 777 amas
472 743 599 788 perdite
608 746 670 776 He-

92 796 209 835 brum,
224 793 481 838 pulcherrimum
501 792 668 832 juvenem;

93 843 152 875 sed
172 842 336 875 amoribus
353 841 416 872 tuis
433 837 537 871 officit
562 841 671 882 patrui

93 891 142 922 tui
152 892 254 934 rigor.
263 888 330 922 Oh!
340 886 500 931 quantum
512 888 591 918 sorti
606 893 670 918 tuae

93 937 226 970 indoleo
239 959 249 977 ,
273 946 347 979 quae
367 934 518 977 depereas
546 933 670 966 adoles-

95 991 221 1017 eentem
229 994 297 1027 quo
310 994 379 1015 non
393 982 473 1013 alter
486 981 669 1021 formosior,

68 1039 72 1043 ’
95 1043 165 1065 non
177 1032 258 1064 alter
269 1031 334 1063 tuis
345 1029 516 1062 affectibus
526 1029 668 1073 dignior!

142 1082 174 1113 3.
211 1078 353 1122 Qualum
376 1087 386 1110 :
424 1078 535 1110 cistam
577 1078 670 1109 vimi-

92 1138 204 1167 neam,
218 1128 255 1158 in
271 1124 335 1168 qua
354 1135 452 1167 pensa
469 1135 527 1155 sua
543 1131 576 1155 et
592 1134 670 1166 pen—

90 1185 203 1207 sorum
214 1175 427 1206 instrumenta
435 1194 444 1211 ,
457 1178 495 1202 ut
509 1182 571 1202 acu
582 1194 591 1210 ,
606 1171 670 1202 for-

90 1224 198 1267 eipes,
231 1227 292 1253 etc.
303 1242 313 1259 ,
350 1219 502 1250 mulieres
529 1218 670 1260 depone-

90 1269 182 1303 bant.
191 1286 237 1294 —-·
250 1266 407 1300 Minervoe
420 1265 560 1297 studium
577 1277 590 1297 .-
603 1272 669 1296 stu-

90 1317 183 1349 dium
189 1313 326 1348 lanificii
336 1325 345 1354 ;
354 1313 408 1345 cui
418 1323 563 1355 operosa,
577 1312 612 1344 id
621 1319 669 1343 est

89 1364 214 1398 laboris
225 1372 335 1394 amans
349 1361 498 1392 Minerva
506 1360 668 1402 praesidet.

91 1412 194 1444 Porro
210 1409 316 1443 studia
340 1414 372 1439 et
388 1407 529 1450 legitima
551 1407 671 1438 exerci-

91 1459 136 1491 tia
161 1458 204 1490 ab
225 1466 332 1491 amore
351 1454 496 1486 violento
517 1455 672 1497 languere

92 1513 124 1538 et
146 1505 271 1538 aboleri
293 1513 390 1534 nemo
418 1502 532 1534 nescit.
558 1502 610 1534 Sic
637 1502 673 1533 in

93 1554 199 1587 nosui
212 1551 342 1586 Racinii
356 1547 499 1582 Pha-dra
512 1549 673 1592 Hippoly-

91 1609 146 1633 tus
166 1609 310 1632 amorem
332 1607 430 1628 suum
460 1597 496 1628 in
529 1597 671 1629 Ariciam

93 1654 230 1680 testatur
243 1656 255 1680 t
281 1646 363 1677 Mon
387 1654 464 1682 arc,
494 1654 561 1675 mes
580 1644 671 1686 jave—

92 1695 175 1735 locs,
197 1704 272 1726 mon
288 1691 383 1730 char,
412 1698 483 1723 toue
509 1691 673 1734 m’impor-

93 1750 195 1780 tune‚·
214 1742 290 1774 Act-
319 1741 372 1779 11,
389 1749 476 1771 scen.
499 1740 543 1771 11.
555 1757 604 1765 --
618 1738 672 1770 Li·

86 1789 186 1835 pmi
210 1800 222 1820 .-
269 1788 287 1820 ὲ
327 1786 462 1832 Πρω-ὂ,
494 1786 675 1819 AEoliarum

721 697 903 729 insularum
937 695 1020 736 una,
1052 698 1185 730 oriundi
1196 723 1204 738 ‚
1234 710 1307 743 quae

722 745 791 775 sitae
805 751 883 775 sunt
899 742 917 776 ὲ
930 747 1061 788 regione
1074 746 1190 778 Siciliae
1202 748 1306 779 orien-

723 792 811 832 talis,
826 798 858 823 et
875 791 915 823 ad
927 794 1180 834 septentrionem
1193 805 1304 829 versae.

723 857 772 864 -—-
801 839 900 871 Nitor
926 840 1028 871 Hebri
1055 852 1067 871 :
1092 841 1304 883 pulchritudo

724 886 845 925 Hebri,
875 897 947 928 quae
985 888 1149 920 Neobules
1189 890 1303 922 oculos

724 932 794 965 tum
823 935 962 966 maxime
996 936 1152 977 perculit,
1185 937 1284 969 simia
1294 962 1304 976 ‚

723 982 991 1024 quotiescumque
1018 983 1036 1014 ὸ
1063 983 1226 1016 Tiberinis
1245 996 1305 1016 un-

722 1029 771 1060 dis
780 1051 790 1068 ,
804 1029 972 1069 humeros,
986 1029 1027 1062 de
1042 1042 1151 1072 more,
1167 1039 1287 1064 unctus
1296 1057 1304 1072 ,

722 1078 862 1109 emersit.
895 1078 959 1108 Te‘r
989 1079 1081 1109 uncti
1105 1086 1302 1112 transnanto

726 1124 863 1155 Tiberim
874 1137 888 1164 ;
901 1125 977 1158 infr.
991 1128 1057 1158 sat.
1071 1129 1104 1158 11
1115 1150 1124 1166 ,
1144 1138 1158 1158 1
1172 1151 1181 1167 ,
1198 1128 1229 1160 8.

771 1177 803 1208 4.
823 1173 933 1214 Eques
956 1172 1025 1214 ipso
1051 1174 1170 1206 melior
1195 1175 1304 1207 Belle-

722 1218 880 1261 rophonte
893 1230 906 1250 .·
922 1221 980 1261 qui
995 1223 1150 1264 Pegasum
1165 1221 1303 1263 domuit,

721 1266 979 1310 Chimaeramque
1001 1267 1160 1310 proflixit.
1177 1288 1224 1295 —
1240 1271 1305 1302 Ne·

722 1325 785 1355 que
808 1325 920 1357 pugno
949 1315 1055 1347 victus
1074 1328 1086 1347 .·
1114 1328 1239 1359 semper
1270 1319 1305 1349 in

722 1361 870 1403 pugilatu
885 1362 1001 1394 victor.
1015 1381 1063 1386 —
1075 1365 1192 1407 Neque
1213 1365 1305 1409 segni

718 1408 806 1450 pede
821 1420 833 1439 :
849 1418 948 1439 cursu
961 1410 1306 1444 excellens.—-Caeus.·

724 1454 859 1495 doctus,
886 1457 1032 1498 peritus,
1050 1464 1088 1489 ut
1111 1458 1209 1502 supra
1240 1460 1304 1492 Od.

726 1504 762 1542 1,
785 1513 843 1542 ιο,
871 1504 903 1535 3.
921 1521 967 1528 --—
982 1504 1156 1548 Fugientes
1178 1507 1306 1550 agitato

723 1561 824 1594 grege
847 1561 954 1582 cervos
969 1563 980 1582 :
998 1553 1155 1595 gregatim
1179 1554 1305 1597 fugien-

726 1605 783 1630 tes.
799 1616 846 1624 ·-—
865 1598 960 1630 Celer
971 1599 1123 1642 eaecipere
1139 1613 1151 1632 .·
1166 1608 1205 1632 ut
1216 1613 1307 1645 supr.

726 1645 790 1678 Od.
812 1648 845 1685 1,
873 1645 933 1685 15,
961 1647 1026 1686 183
1055 1648 1191 1680 celerem
1216 1650 1308 1693 sequi

726 1692 877 1736 Ajacem.
891 1711 939 1717 —-
957 1694 1122 1737 Excipere
1136 1707 1148 1727 .-
1168 1695 1305 1729 verbum

727 1742 942 1773 venator-ium.
975 1742 1117 1784 Capram
1142 1743 1307 1786 Excipere

727 1786 870 1828 insidiis,
887 1790 981 1832 Virg.
997 1791 1067 1824 Ecl.
1086 1792 1136 1823 111
1148 1814 1158 1832 ,
1182 1793 1235 1824 18.
