1456 2508
224 115 288 151 184

1109 86 1149 114 Χ

615 116 656 155 Q.
681 116 866 147 nortun
889 117 1042 149 FLAcci

323 175 403 211 Nec
421 185 541 210 saevos
559 172 738 221 Lapithas
757 182 783 218 ²,
803 182 840 210 et
855 174 1015 211 nimium
1033 186 1138 212 mero
1395 183 1409 207 ⁵

324 235 517 283 Hylaeum,
535 232 775 281 domitosque
791 234 978 270 Herculea
997 246 1112 271 manu

322 294 484 331 Telluris
499 293 675 342 juvenes,
693 292 793 329 unde
810 294 1021 343 periculum

480 353 640 401 Fulgens
659 353 886 389 contremuit
908 353 1042 391 domus

323 413 477 450 Saturni
495 413 645 450 veteris.
660 415 794 462 Tuque
810 413 1060 464 pedestribus·

322 473 434 510 Dices
453 472 622 510 historiis
639 471 653 493 ³
671 473 800 523 praelia
820 473 996 520 Caesaris,
1378 489 1408 505 ιο

222 644 307 673 vales
321 666 330 681 ‚
365 644 483 684 quibus
515 643 788 685 Carthaginienses

221 692 256 720 in
270 690 354 720 bello
379 691 500 720 Punico
515 691 637 730 primo,
652 690 692 719 ad
713 691 789 720 Sici-

219 736 294 766 liam
324 737 399 766 victi
425 744 498 766 sunt
522 736 539 766 ’ὲι
564 737 733 772 Romanis,
752 736 787 766 C.

220 783 363 821 Duillio,
381 782 505 824 Regulo
517 805 526 820 ,
548 789 579 812 et
605 783 640 813 C.
664 783 789 812 Lutatio

220 828 367 860 ducibus.

270 886 288 905 2
297 899 303 906 .
315 876 421 906 Soevos
432 874 584 915 Lapithas
594 886 605 904 :
616 874 687 905 vide
703 875 790 915 Lapi-

222 922 349 953 tharum
361 932 434 952 cum
450 922 613 952 Centauris
630 932 769 962 pugnam
781 943 789 958 ,

224 969 263 999 ab
293 968 412 999 Ovidio
435 967 643 1008 descriptam,
658 969 788 998 Metam.

223 1017 304 1051 XII,
323 1014 592 1045 22o.—Nimiz'em
614 1024 700 1044 mero
725 1015 791 1053 Hy-

226 1062 332 1092 Iaeum.
371 1063 570 1091 Memoratur
604 1071 731 1101 quoque
756 1061 792 1089 in

226 1107 433 1138 celeberrimo
469 1107 579 1147 praelio
611 1107 743 1148 Hylaeus
774 1104 792 1135 a

224 1155 338 1196 virgil.
353 1155 467 1195 Georg.
483 1155 533 1192 11,
551 1155 613 1191 457
627 1163 635 1185 :
651 1155 694 1183 Et
707 1163 794 1193 mag-

226 1211 266 1230 no
297 1202 330 1230 Η
322 1201 445 1240 ylaeum
493 1199 637 1241 Lapithis
672 1206 793 1229 cratere

228 1246 419 1278 minantem.
431 1247 625 1277 —Domitos
634 1243 792 1276 Herculea

225 1304 325 1323 manu
339 1304 352 1324 .-
376 1293 528 1324 Hercules
547 1304 614 1323 non
637 1294 793 1322 minorem

225 1339 321 1380 quzim
347 1340 490 1370 Bacchus
514 1340 582 1380 ipse
610 1347 732 1381 partem
759 1339 794 1367 in

224 1386 358 1416 victoria
368 1386 406 1416 de
417 1387 606 1428 Gigantibus
616 1384 773 1426 reportat-31
784 1406 793 1422 ,

224 1432 287 1463 sibi
302 1433 458 1470 vindicat;
472 1432 543 1463 vide
556 1432 656 1470 infra,
669 1432 730 1463 Od.
746 1433 795 1468 ΙΙ,

228 1489 288 1519 19,
319 1489 372 1510 21.
405 1496 450 1503 --
483 1479 617 1509 Telluris
635 1479 791 1520 juvenes:

223 1528 329 1556 Terrae
342 1524 441 1563 filios,
458 1526 606 1567 Gigantes
616 1549 624 1564 ,
636 1522 788 1570 γηγενεῖς.

224 1572 275 1602 Illi
295 1571 368 1602 cum
391 1573 506 1602 Jovem
529 1580 561 1603 et
577 1573 692 1603 coelum
708 1572 791 1603 obsi-

223 1618 353 1653 derent,
383 1625 525 1658 essetque
547 1618 604 1649 diii
621 1630 736 1660 anceps
763 1626 793 1649 et

223 1665 398 1706 periculosa
410 1675 517 1704 pugna
525 1687 533 1702 ,
544 1665 650 1694 ferunt
663 1666 793 1694 Terram

223 1712 302 1741 Jovi
340 1712 549 1748 renuntiasse,
597 1721 664 1740 non
703 1710 793 1739 aliter

223 1758 308 1787 Deos
329 1757 519 1798 Gigantibus
542 1757 719 1797 superiores
742 1757 792 1785 fu—

223 1810 322 1840 turos,
333 1802 430 1843 quam
442 1804 468 1833 si
481 1803 561 1834 duos
569 1802 722 1833 semideos
732 1802 792 1832 sibi

224 1849 302 1880 belli
322 1850 426 1879 socios
448 1856 479 1879 et
501 1850 660 1889 adjutores
679 1849 790 1888 adjun-

222 1901 343 1938 gerent.
359 1894 406 1925 Ita
425 1897 569 1926 Bacchus
593 1903 623 1926 et
638 1895 789 1926 Hercules

223 1942 365 1973 accersiti
382 1949 457 1972 sunt
467 1965 475 1980 ‚
491 1953 628 1983 quorum
648 1941 745 1983 operit
759 1947 791 1971 et

219 1989 359 2036 vuirtute‚
387 1990 501 2029 Superi
528 1990 693 2019 victoriam
718 1995 793 2018 sunt

221 2035 338 2075 adepti.
359 2037 501 2066 Juvmw.

269 2083 298 2112 3.
330 2084 439 2122 Tuque
465 2081 663 2122 pedestribus
695 2080 790 2110 Dices

218 2127 357 2158 historiis
372 2139 382 2158 .-
405 2139 506 2158 nexus
524 2129 687 2158 sententiae
715 2137 789 2157 cum

217 2174 470 2215 praecedentibus
489 2184 498 2205 :
526 2185 592 2205 non
616 2184 721 2204 meum
741 2180 788 2204 est

215 2231 265 2252 res
280 2221 422 2252 heroicas
439 2221 578 2252 molliori
601 2219 720 2252 cithara
735 2230 786 2251 ce-

840 643 984 682 lebrare,
1013 645 1079 674 sive
1103 643 1120 674 a
1149 644 1280 682 fabulis,
1298 644 1364 674 sive
1391 641 1409 672 a

840 691 959 720 nostris
980 690 1147 720 annalibus
1168 690 1312 722 deductae
1335 692 1407 725 sint,

842 737 915 767 Non
929 736 998 766 haec
1010 738 1128 775 jocosae
1146 744 1176 766 et
1192 737 1349 767 amatoriae
1364 737 1411 778 ly-

843 793 886 812 rae
904 784 1118 820 conveniunt3
1138 794 1242 824 neque
1260 782 1339 813 adeo
1360 793 1409 815 res

843 829 882 858 ab
908 830 1056 871 Augusto
1096 828 1262 871 magnifice
1290 836 1408 871 gestas,

842 886 912 916 quae
937 877 1001 906 vim
1024 886 1091 906 non
1114 874 1217 906 solum
1242 885 1339 913 meae,
1356 876 1411 906 sed

843 922 1012 960 cujuslibet
1018 933 1146 962 poeseos
1154 929 1314 963 superant,
1323 932 1411 962 quas⁴

843 978 904 1008 que
921 978 987 997 non
1012 968 1100 999 aliter
1119 967 1214 1009 quam
1235 979 1294 1009 per
1314 967 1411 999 fidam

842 1015 1055 1044 narrationem
1080 1022 1084 1029 ¹
1098 1014 1226 1045 laudare
1268 1014 1312 1045 fas
1353 1022 1410 1046 est.

845 1062 952 1090 Tuum
974 1062 1072 1101 igitur
1100 1067 1164 1099 est,
1187 1060 1208 1091 ὁ
1233 1062 1409 1099 Maecenas,

845 1113 1001 1137 tantarum
1020 1118 1127 1138 rerum
1151 1109 1256 1146 testis,
1276 1106 1344 1138 dux
1359 1108 1412 1138 ali-

845 1154 975 1193 quando
1000 1161 1031 1183 et
1054 1155 1214 1191 minister,
1227 1163 1277 1183 eas
1295 1155 1330 1183 in
1347 1154 1411 1184 his-

846 1201 934 1230 toriis
949 1199 1086 1241 simplici
1102 1207 1133 1231 et
1150 1198 1253 1231 soluta
1268 1200 1412 1231 oratione

847 1247 1048 1287 conscriptis,
1068 1247 1243 1287 posteritati
1255 1256 1410 1277 commen-

846 1293 931 1324 dare.
949 1294 1090 1323 Historia
1105 1293 1210 1323 autem
1228 1292 1346 1323 dicitur
1355 1303 1413 1334 pe-

846 1339 975 1375 destris,
993 1350 1064 1381 quae
1080 1349 1207 1380 prosam
1224 1346 1413 1370 tantummo-

847 1387 888 1416 do
902 1386 1049 1417 admittit.
1065 1389 1159 1417 Prosa
1173 1385 1288 1416 etenim
1301 1385 1318 1415 ὲ
1329 1386 1413 1416 Grae·

847 1435 890 1464 cis
906 1431 994 1468 πὲζος
1007 1430 1225 1477 λόγος,1εηὶι1ὲ,
1241 1442 1343 1462 sermo
1353 1443 1412 1472 pe-

844 1479 954 1510 destris
964 1480 1128 1520 appellata,
1137 1477 1212 1519 quia
1220 1488 1287 1508 non
1302 1478 1414 1508 audac-

844 1526 891 1557 ter
897 1526 1027 1563 incedit,
1032 1525 1169 1566 pedestri
1177 1525 1414 1562 viatorisimilis,

845 1574 900 1614 qui
910 1574 969 1602 iter
978 1583 1070 1602 suum
1081 1578 1178 1608 certo,
1185 1571 1242 1600 sed
1249 1571 1337 1601 lento
1347 1581 1414 1612 pas-

845 1630 882 1649 su
894 1621 1036 1660 sequitur
1047 1630 1055 1657 ;
1067 1617 1144 1648 dum
1159 1618 1264 1658 poesis
1273 1639 1282 1654 ,
1295 1624 1325 1647 et
1333 1627 1413 1657 prae-

845 1666 953 1694 sertim
969 1666 1072 1704 poesis
1085 1665 1183 1704 lyrica
1194 1684 1203 1700 ,
1219 1662 1348 1692 sublimi
1361 1674 1413 1693 vo-

844 1710 911 1740 latu
938 1709 975 1739 ad
998 1709 1114 1738 coelum
1132 1709 1249 1746 fertur,
1267 1715 1411 1739 naturam

844 1757 1023 1786 universam
1045 1755 1201 1795 percurrit
1238 1755 1292 1784 alis
1313 1755 1414 1796 igneis

845 1810 962 1833 evecta.
987 1800 1099 1839 Unde,
1122 1799 1195 1831 cum
1216 1807 1329 1842 poeta,
1345 1801 1412 1831 sive

845 1849 1020 1890 argumenti
1047 1846 1178 1885 natura,
1206 1849 1272 1877 sive
1299 1853 1413 1888 sponte

842 1895 917 1932 sua,
937 1895 1075 1935 stylum,
1098 1901 1136 1923 ut
1161 1895 1277 1925 Noster
1302 1893 1337 1923 in
1365 1903 1412 1923 sa-

844 1942 923 1982 tyris
933 1964 942 1978 ‚
954 1941 1029 1970 licet
1041 1940 1133 1970 certis
1147 1939 1334 1970 conclusum
1356 1949 1413 1969 nu·

844 1989 955 2024 meris,
992 1987 1032 2017 ad
1062 1997 1164 2028 prosae
1200 1985 1409 2015 humilitatem

842 2034 930 2075 quasi
957 2033 1098 2070 reducit,
1121 2031 1199 2062 time
1226 2041 1314 2062 musa
1342 2032 1409 2071 ipsa

835 2080 994 2121 pedestris
1025 2085 1169 2111 vocatur.
1208 2077 1295 2119 Quid
1317 2077 1409 2118 priits

841 2127 992 2157 illustrem
1017 2125 1150 2166 sacy-ris,
1182 2121 1338 2165 Musaque
1354 2133 1410 2163 pe-

841 2173 938 2204 destri
952 2177 969 2203 .³
991 2175 1055 2204 Sat.
1082 2173 1132 2209 11,
1150 2171 1191 2210 6,
1209 2181 1248 2210 17
1263 2180 1272 2207 ;
1289 2171 1334 2200 Et
1348 2176 1412 2199 tra-

836 2220 928 2262 gicus
949 2219 1139 2261 pler-iamque
1161 2218 1250 2249 dolet
1264 2225 1407 2247 sermone
