1456 2508
226 94 267 131 ει,
606 100 647 138 Q.
672 97 855 129 HORATH
877 99 1028 132 FLAGCI

430 154 543 192 Ruris
561 155 750 193 honorum
767 156 946 206 opulenta
963 171 1092 197 cornu.

327 210 398 250 Hic
418 212 456 249 in
477 213 633 250 reductai
649 214 746 251 valle
762 213 776 235 ⁶
798 215 987 252 Caniculae

323 272 469 310 Vitabis
489 280 599 310 aestus
620 287 627 308 :
648 282 686 310 et
704 273 776 311 fide
795 274 886 311 Teia

376 331 488 368 Dices
505 330 718 370 laborantes
736 333 776 369 in
795 345 870 369 uno

430 391 642 439 Penelopen
659 391 894 440 vitreamque
913 391 1057 429 Circen.
1371 413 1402 428 ιο

326 446 398 485 Hic
414 448 621 486 innocentis
638 450 773 499 pocula
792 449 919 487 Lesbii
935 458 950 480 7

325 510 449 545 Duces
468 508 539 545 sub
557 508 693 546 umbi-:⁴1
709 523 717 545 :
736 523 805 547 nec
824 510 1040 562 Semeleius(

219 633 353 671 affatim,
371 633 498 676 largiter
518 633 637 665 affluet.
659 651 703 657 —-
722 637 782 665 Be-

219 680 319 722 nigno
341 690 438 710 cornu
455 690 465 709 :
492 680 665 710 Amaltheae
683 691 783 722 caprae

217 725 298 756 lacte
324 727 480 756 nutritum
504 724 520 755 ὲ
547 726 703 767 Nymphis
727 729 783 757 Jo-

217 781 291 801 vem
305 770 421 803 ferunt.
438 773 496 803 Eas
510 778 546 802 ut
566 782 781 803 remunerare-

217 823 270 847 tur
288 818 431 858 Jupiter,
451 816 566 855 edixit,
582 824 618 848 ut
637 828 677 847 ex
698 818 782 848 illius

217 873 318 904 caprae
340 873 442 893 cornu
456 870 574 893 resecto
587 862 692 904 fruges
713 874 780 894 om-

216 919 272 939 nes
297 915 329 939 et
356 908 478 939 fructus
506 910 541 939 in
571 916 780 950 perpetuum,

215 954 302 985 velut
316 955 506 985 inexhausto
530 954 568 985 de
591 955 696 993 fonte,
714 966 779 985 sca-

215 1001 367 1038 turirent.
395 1003 471 1032 Eam
495 1001 538 1031 ob
565 1011 647 1038 rem,
677 1002 782 1032 Cornu

212 1046 312 1087 copioe
325 1054 471 1079 vocatum
485 1053 542 1078 est.
556 1064 601 1070 ——
617 1047 708 1077 Ruris
722 1046 777 1077 ho-

213 1102 304 1123 nores
324 1104 335 1122 :
358 1093 498 1134 intellige
518 1092 639 1134 fruges,
664 1103 775 1134 poma,

212 1137 305 1169 flores
318 1145 376 1170 etc.
392 1138 498 1168 dulcia
501 1149 617 1178 poma,
631 1140 674 1169 Et
688 1149 775 1179 quos-

213 1195 345 1226 cumque
353 1184 444 1226 ferec
463 1184 563 1214 cultus
581 1184 637 1214 tibi
649 1184 775 1226 fundus

212 1229 356 1262 honores.
375 1233 438 1262 Sat.
455 1232 502 1268 11,
522 1231 558 1268 5,
583 1231 634 1261 13.

258 1277 289 1307 6.
305 1275 367 1308 Hic
383 1276 415 1306 in
431 1275 561 1306 reducta
573 1277 665 1307 valle
679 1288 690 1306 .·
703 1287 773 1317 quae

210 1333 350 1353 recessus
363 1322 458 1353 habet
471 1322 661 1363 profundos,
684 1330 716 1352 et
734 1323 774 1352 ab

210 1375 288 1399 aestu
311 1369 386 1399 solis
409 1375 503 1399 tutos.
517 1385 564 1391 —
583 1369 744 1400 Caniculae
762 1380 772 1398 .-

209 1414 296 1445 stella
312 1421 359 1444 est
378 1415 490 1455 primi,
506 1421 543 1444 ut
565 1412 774 1452 aiunt,‘ordi-

209 1462 274 1498 nis,
288 1471 360 1501 quae
372 1462 464 1491 etiam
477 1461 575 1492 Sirius
588 1461 772 1501 appellatur,

208 1508 266 1537 sita
287 1508 321 1537 in
344 1518 399 1537 ore
423 1508 516 1539 Canis
539 1508 628 1544 astri,
651 1508 703 1536 cni
724 1506 772 1537 sol

209 1551 282 1582 cum
306 1553 432 1591 subest,
456 1559 549 1583 aestus
572 1554 769 1594 ingravescit.

207 1615 252 1622 —-
278 1598 358 1629 Fide
388 1601 416 1629 T
414 1597 467 1629 εἶά
485 1610 496 1628 :
519 1597 614 1636 fides,
641 1600 770 1639 proprie

206 1655 322 1675 nervus
332 1667 340 1683 ,
349 1644 480 1684 chorda,
492 1652 523 1675 et
531 1645 692 1675 extensive
699 1646 768 1686 lyra

206 1690 324 1722 fidibus
331 1691 495 1722 instructa.
510 1688 604 1727 Tei'd;
614 1691 767 1732 trisyllab.

207 1735 247 1767 ad
269 1746 448 1768 mensuram
474 1735 599 1774 versfis3
631 1737 700 1778 lyrei
729 1738 768 1768 ab

204 1784 275 1824 ipso
291 1784 490 1815 Anacreonte
507 1783 595 1824 quasi
608 1783 765 1822 mutuata,

205 1830 261 1871 qui
271 1851 279 1866 ,
293 1829 360 1868 ipse
374 1836 468 1870 poeta
480 1830 600 1871 lyricus
614 1831 767 1870 egregius,

203 1874 221 1905 ὲ
234 1877 300 1906 Teo
309 1876 425 1912 ,Ioniae
438 1877 579 1914 civitate,
593 1875 653 1905 fuit
663 1877 769 1906 oriun-

204 1921 535 1952 dus.--Laborantes
549 1922 581 1952 in
596 1931 659 1951 uno
673 1932 684 1951 .·
697 1932 767 1962 quae

203 1978 305 1998 unum
321 1968 444 2007 virum,
460 1968 604 2009 Ulyssem
629 1967 766 2005 scilicet,

202 2013 418 2045 ardentissimo
463 2024 568 2045 amore
611 2013 763 2054 amplexae

202 2066 285 2090 sunt.
325 2060 502 2096 Laborare,
543 2060 764 2101 complectitur

200 2107 364 2136 notionem
382 2105 604 2137 sollicitudinis
623 2117 657 2136 ac
672 2115 762 2135 cura-

201 2162 286 2190 rum,
305 2153 421 2193 quibus
433 2159 570 2183 amantes
585 2152 718 2182 cruciari
733 2159 763 2181 et

199 2196 341 2230 laborare
365 2199 478 2230 solent.
505 2199 631 2230 Dicitur
659 2204 761 2228 autem

837 635 1010 678 eleganter,
1035 635 1182 667 laborare
1206 635 1239 667 1'7'1
1259 647 1339 674 uno,
1367 639 1401 668 id

837 689 897 720 est,
917 682 960 712 ob
978 693 1096 721 unum,
1119 690 1155 713 ut
1177 690 1322 722 aestnare,
1345 683 1399 714 fla-

835 739 940 769 grare,
967 728 1075 759 ardere
1098 729 1134 758 in
1157 728 1326 770 aliqu5.—-—
1344 732 1400 760 Pe-

836 774 988 814 nelopen,
1004 784 1138 804 uxorem
1151 775 1284 816 Ulyssis.
1292 792 1340 799 —--
1350 776 1399 804 Vi-

835 827 998 860 treamque
1024 819 1134 850 Circen
1150 830 1162 849 .·
1178 820 1258 852 Solis
1280 820 1377 852 filiam
1388 844 1396 859 ‚

834 864 1060 895 veneficiorum
1075 865 1295 906 peiifissimam
1304 890 1312 906 ‚
1326 878 1398 908 quae

834 918 996 952 acceptum
1012 912 1046 941 in
1065 909 1169 942 insula
1183 910 1243 949 Es,
1258 913 1316 942 ubi
1329 924 1396 955 reg-

833 957 943 995 nabat,
960 957 1122 998 Ulyssem,
1144 956 1258 987 frustra
1283 961 1396 989 amoris

833 1003 951 1044 laqueis
977 1002 1100 1034 irretire
1127 1005 1274 1043 tentavit,
1301 1012 1332 1035 et
1357 1005 1396 1035 ad

833 1048 1080 1079 obliviscendam
1123 1048 1260 1080 Ithacam
1297 1050 1394 1081 addu-

831 1105 910 1125 cere.
935 1094 1043 1125 Vitrea
1063 1095 1198 1132 dicssur,
1215 1105 1280 1126 non
1302 1095 1319 1126 ὲ
1343 1107 1396 1127 co-

827 1141 912 1178 lore,
930 1141 1049 1181 quippe
1067 1151 1137 1182 quae
1150 1142 1233 1171 inter
1249 1141 1320 1172 deas
1333 1153 1393 1172 ma-

829 1188 912 1216 rinas
933 1186 1099 1226 nunquam
1116 1194 1319 1218 annumerata
1335 1190 1390 1226 sit,

827 1232 881 1262 sed
890 1231 964 1274 quia
974 1231 1066 1262 fallax
1080 1239 1111 1263 et
1122 1231 1261 1273 perfida;
1274 1235 1391 1264 vitrum

827 1279 911 1308 enim
921 1278 985 1308 cito
995 1278 1159 1321 frangitur.
1171 1281 1253 1311 Nota
1266 1280 1390 1310 nullum
1439 1310 1445 1315 ,

827 1324 901 1354 addi
918 1324 1088 1365 Penelopes
1106 1326 1229 1355 nomini
1246 1325 1387 1366 epithet„

826 1370 912 1411 quod
929 1381 985 1410 per
1006 1380 1038 1400 se
1063 1378 1094 1400 et
1117 1370 1228 1411 suzlpte
1243 1373 1276 1401 vi
1292 1370 1388 1403 fidem

825 1428 838 1446 x
847 1418 1020 1456 irtutesque
1032 1426 1140 1447 omnes
1157 1417 1193 1447 in
1207 1419 1388 1448 memoriam

825 1468 963 1499 revocat,
979 1462 1086 1503 sicque
1097 1463 1208 1493 Circen
1220 1473 1277 1503 per
1286 1473 1387 1505 oppo-

824 1509 969 1538 sitionem
987 1508 1127 1549 epitheto
1149 1507 1279 1546 donari,
1299 1510 1386 1550 quod

823 1551 1003 1584 nullatenus
1018 1555 1052 1584 in
1067 1554 1182 1585 bonam
1200 1562 1318 1595 partem
1335 1566 1384 1585 ac-

823 1601 886 1640 cipi
899 1607 1001 1640 queat.

870 1657 899 1684 7.
924 1646 1043 1682 Lesbii,
1073 1646 1208 1679 subaud.
1236 1649 1311 1678 vini.
1339 1666 1384 1672 —

823 1691 1016 1728 Innocentis,
1036 1702 1104 1722 non
1118 1694 1227 1732 noxii,
1243 1704 1312 1724 non
1333 1705 1382 1724 ca-

821 1745 880 1778 put
895 1738 1075 1779 periculoso
1092 1748 1209 1779 vapore
1230 1739 1382 1771 lacessen-

822 1785 870 1815 tis.
893 1786 983 1826 Hanc
1002 1794 1113 1814 vocem
1136 1784 1267 1816 feliciter
1284 1792 1382 1816 trans-

821 1830 894 1860 tulit
916 1831 1078 1871 Benignus
1097 1831 1226 1861 Grenan
1242 1832 1277 1862 in
1300 1831 1383 1862 oden

820 1877 887 1906 vini
912 1874 1076 1916 Burgundi
1101 1876 1249 1907 laudibus
1274 1887 1382 1908 conse-

819 1929 946 1953 cratam.
965 1923 1034 1951 Nec
1057 1922 1141 1952 levat
1161 1923 1263 1954 cristes
1285 1924 1382 1954 medi-

819 1967 893 1998 cina
929 1967 1063 2004 morbos,
1102 1971 1142 1999 Ut
1173 1969 1264 2000 latex
1287 1970 1383 2009 pellit

818 2024 902 2051 tuus,
920 2013 1099 2045 innocentis
1123 2014 1222 2046 Filius
1239 2026 1314 2046 uvoe.
1333 2033 1379 2039 —

815 2063 932 2091 Duces:
947 2060 1092 2098 attrahes,
1106 2059 1240 2092 hauries.
1251 2078 1297 2084 -
1309 2063 1378 2092 Nea

815 2105 987 2137 Semeleius
999 2117 1010 2136 .·
1039 2106 1161 2147 duplici
1191 2108 1377 2149 cognomine

814 2152 970 2183 Bacchum
983 2159 1087 2190 notat,
1103 2163 1205 2184 unum
1219 2152 1238 2183 ὲ
1252 2163 1375 2194 genere,

815 2198 888 2239 quia
905 2197 990 2229 filius
1001 2205 1067 2230 erat
1079 2200 1100 2230 J
1102 2200 1170 2230 ovis
1181 2206 1212 2232 et
1226 2198 1359 2234 Semeles
1368 2224 1376 2238 ‚
