1456 2508
219 84 281 115 128

611 64 656 130 Q.
681 88 859 120 nomm
882 87 1033 120 FLAcci

316 144 539 182 Insanientis
558 144 648 183 dum
667 144 859 195 sapientiae

369 204 569 242 Consultus
588 217 675 241 erro
697 212 724 251 ²,
743 209 845 242 nunc
863 207 1072 242 retrorsum

421 264 513 300 Vela
529 264 638 311 dare,
654 274 765 314 atque
783 264 922 302 iterare
942 277 1075 303 cursus

314 324 439 374 Cogor
459 324 622 362 relictos.
642 327 814 374 Namque
829 324 1021 374 Diespiter
1041 323 1069 370 3,
1390 335 1403 358 ⁵

316 384 401 433 Igni
419 395 580 421 corusco
596 383 728 421 nubila
747 383 920 422 dividens

366 442 610 493 Plerumque,
630 456 700 493 per
718 456 857 494 purum
877 450 1049 480 tonantes

416 502 502 551 Egit
522 514 639 551 equos
659 503 926 552 volucremque
946 514 1100 539 currum
1119 518 1127 539 :

314 561 400 605 Quo
419 559 533 598 bruta
551 561 660 599 tellus
682 561 708 608 4,
728 570 765 599 et
783 574 878 612 vaga
897 561 1070 608 flumina,

205 667 322 710 templa
334 666 398 697 fere
410 667 575 710 nunquam
591 668 775 700 invisebam.
821 678 937 710 purum
964 679 975 698 .·

204 730 251 737 -
278 713 474 745 Insaniencis
503 714 672 755 sapientiae
700 726 776 746 con-

203 760 302 790 sultus
313 771 325 790 :
340 760 521 791 consultum
539 761 713 798 vocabant,
728 763 775 792 vi-

203 816 277 836 rum
308 807 384 836 artis
402 807 454 837 vel
486 808 624 838 scientiae
648 808 775 847 cujusli-

203 852 259 882 bet
285 853 508 894 peritum,qui
531 853 655 884 consilii
679 865 774 895 expe-

203 897 291 929 tendi
319 897 430 936 eausa,
450 899 489 930 ab
524 901 773 940 imperitioribus

203 943 367 984 adibatur,
395 944 504 976 addito
527 947 601 976 artis
631 947 770 979 nomine.

201 992 253 1022 Sic
266 991 347 1030 juris
369 992 551 1030 consultus,
571 993 628 1032 qui
649 993 773 1034 legibus

199 1037 397 1078 explicandis
426 1048 554 1078 operam
584 1038 696 1076 dabat,
723 1050 771 1069 sa-

200 1085 327 1124 pientiae
353 1084 533 1122 consultus,
547 1085 603 1125 qui
622 1096 654 1115 se
675 1085 772 1116 rebus

198 1130 427 1171 philosophicis
467 1130 646 1162 tradiderat.
688 1133 771 1164 Nota

198 1176 445 1216 pulcherrimam
458 1184 490 1208 et
503 1178 521 1208 e
529 1175 656 1207 materia
666 1185 771 1208 natam

198 1222 398 1261 antithesim,
432 1223 625 1253 Insania-ntis
646 1224 770 1265 sapien-

198 1268 273 1299 τίω]

245 1326 276 1347 2.
294 1317 376 1346 Erro
391 1327 402 1346 .·
414 1316 597 1357 metaphora
609 1315 627 1346 ἐι
643 1327 676 1347 re
691 1327 769 1347 nau-

197 1360 258 1392 tica
286 1362 461 1403 desumpta.
493 1365 612 1393 Errare
641 1361 768 1404 proprie

196 1408 315 1439 dicitur
328 1409 363 1439 iu
384 1410 480 1448 mari,
497 1409 550 1439 ille
569 1409 660 1447 cujus
680 1410 768 1439 navis

195 1454 273 1485 velis
299 1461 332 1485 et
357 1455 574 1497 gubernaculo
601 1455 767 1492 destituta,

193 1501 276 1531 viam
300 1501 451 1532 incertam
475 1503 635 1543 sequitur,
649 1503 768 1542 quique

194 1546 257 1587 qua
272 1554 303 1578 et
316 1548 443 1588 quando
452 1555 581 1589 portum
594 1549 768 1578 intraturus

194 1594 234 1630 sit
257 1595 394 1634 ignorat.
425 1594 512 1635 Quid
542 1594 640 1635 porro
670 1595 767 1635 magis

194 1649 267 1669 cum
293 1640 492 1681 philosophia
516 1639 670 1681 Epicurea
690 1651 766 1670 con—

193 1686 282 1716 venit
291 1707 300 1724 ,
313 1697 386 1727 quae
397 1686 473 1716 deos
493 1697 597 1717 rerum
613 1686 764 1716 humana-

191 1742 264 1762 rum
274 1739 413 1763 rectores
424 1734 540 1773 negat?
551 1750 598 1757 -—-
611 1733 706 1763 Nz‘mc
719 1743 765 1762 re-

193 1778 326 1808 trorsz'cm
355 1779 434 1810 vela
466 1779 544 1810 dare
562 1791 573 1810 :
601 1779 766 1809 continuat

192 1824 418 1866 metaphoram.

242 1871 273 1902 3.
302 1870 489 1912 Diespiter:
506 1873 652 1913 Jupiter,
678 1872 766 1912 quasi

192 1916 255 1948 diei
282 1924 381 1959 pater.
398 1918 535 1960 ——Igni
555 1929 683 1948 corusco
708 1929 764 1947 nu-

191 1963 258 1994 bila
283 1964 422 1995 dividens
441 1965 628 2005 pleramque
644 1975 655 1994 .·
675 1965 765 2002 cujus

191 2011 314 2040 tonitru
344 2021 411 2041 non
446 2010 547 2040 audiri
576 2011 674 2048 solet,
702 2011 765 2041 nisi

193 2054 266 2087 cum
282 2057 397 2087 coelum
409 2056 550 2087 nubibus
563 2057 765 2087 obscuratum

192 2109 252 2133 est:
273 2102 392 2144 Igitur,
420 2102 454 2133 τὸ
479 2103 669 2144 Plericmque
691 2114 763 2132 cum

190 2149 442 2190 praecedentibus
453 2172 462 2188 ‚
477 2160 543 2180 non
562 2160 635 2180 cum
655 2149 764 2179 subse-

189 2195 361 2237 quentibus
390 2196 602 2227 connectitur.
626 2213 672 2220 —
705 2197 767 2226 Per

998 667 1133 699 subaud.
1162 678 1251 700 aera.
1279 670 1398 700 Rarum

828 714 957 756 quidem
964 737 972 753 ‚
983 715 1038 746 sed
1053 721 1158 745 tamen
1169 714 1310 745 naturale
1317 714 1400 756 phae-

827 771 1008 798 nomen0n;
1036 761 1178 802 quamvis
1205 761 1290 791 enim
1313 763 1398 792 toni-

827 814 898 838 trua
930 808 947 838 ὲ
974 807 1110 838 nubium
1140 807 1303 838 collisione
1334 809 1398 838 exi-

826 860 926 892 stant,
942 853 1132 894 quaudoque
1149 853 1263 884 accidit
1284 860 1321 884 ut
1341 865 1398 884 nu-

825 899 919 930 bibus
938 898 1027 930 extra
1048 899 1215 930 oculorum
1237 907 1396 940 aspectum

824 956 890 986 prae
919 944 1083 977 altitudine
1110 946 1238 987 positis»,
1264 945 1396 976 fulmina

828 998 933 1022 tamen
946 994 979 1022 in
991 1002 1100 1022 earum
1114 993 1188 1023 sinu
1196 997 1395 1034 generentur,
1448 1002 1450 1005 ·

825 1048 962 1078 quorum
976 1048 1073 1068 sonus
1088 1048 1145 1079 per
1159 1044 1283 1068 montes
1294 1047 1397 1079 reper-

825 1094 933 1115 cussus
963 1084 1002 1115 ad
1028 1094 1118 1114 aures
1138 1091 1262 1115 nostras
1287 1094 1394 1124 perve-

823 1131 900 1162 niat.
919 1131 1068 1172 Physices
1085 1128 1191 1161 minus
1207 1130 1301 1171 periti
1315 1137 1397 1161 vete-

823 1187 871 1207 res
881 1199 889 1215 ,
904 1177 991 1208 hunc
1011 1176 1159 1207 effectum
1172 1182 1321 1217 portento
1340 1177 1395 1206 im·

822 1223 978 1263 putabant
1001 1223 1156 1254 ominoso.
1180 1223 1263 1253 Hine
1281 1223 1394 1264 Virgil.

823 1269 939 1311 Georg.
955 1270 987 1307 Ι,
1006 1269 1068 1308 487
1081 1292 1089 1307 ‚
1119 1269 1190 1299 Non
1207 1267 1291 1298 alias
1314 1268 1393 1298 coelo

822 1315 1000 1346 ceciderunt
1006 1315 1104 1356 plura
1115 1324 1226 1345 sereno
1238 1314 1393 1356 Fulgura,-

823 1368 854 1392 et
878 1361 1001 1393 AEneid.
1026 1363 1092 1400 IX,
1116 1360 1343 1399 630,Audiit‚
1362 1369 1393 1391 ec

821 1408 894 1439 coeli
907 1408 1036 1450 genitor
1052 1407 1092 1438 de
1102 1415 1198 1448 parte
1213 1404 1327 1437 ser-end
1340 1408 1391 1436 In-

820 1454 924 1485 tonuit
936 1455 1059 1485 laevum.
1072 1453 1168 1495 Quod
1182 1453 1312 1494 quidem
1325 1454 1390 1484 Ho-
1428 1475 1432 1479 .

820 1502 936 1531 ratium
957 1501 1097 1542 vulgari,
1113 1507 1150 1530 ut
1164 1499 1308 1537 videtur,
1326 1500 1392 1542 opi-

820 1548 911 1578 nioni
931 1547 1129 1583 obnoxium,
1151 1545 1287 1588 graviter
1307 1555 1392 1575 com-

819 1595 936 1631 movit,
951 1600 982 1623 et
1003 1593 1043 1623 ad
1064 1593 1247 1633 religionem
1262 1601 1390 1623 revoca-

820 1641 875 1671 vit.
907 1639 995 1680 Quid
1019 1639 1156 1669 mirnm?
1177 1649 1285 1669 nonne
1306 1636 1390 1668 idem

819 1688 968 1716 Horatius
982 1686 1114 1722 cecinit,
1128 1684 1180 1715 od.
1199 1686 1248 1714 III
1258 1707 1267 1722 ‚
1288 1685 1307 1715 5
1317 1705 1326 1722 ,
1350 1695 1363 1714 1
1378 1687 1390 1715 Ρ

821 1732 906 1763 Coelo
934 1739 1096 1762 tonantem
1117 1730 1304 1762 credidimus
1337 1733 1390 1762 Jo-

818 1789 884 1809 vem
911 1789 1059 1820 regnare.
1077 1794 1125 1800 -
1144 1779 1300 1808 Tonantes
1325 1779 1390 1821 egit

818 1835 913 1866 equos
927 1825 1156 1864 volucrumque
1167 1834 1301 1855 currum.
1316 1827 1388 1857 Fin—

818 1871 932 1913 gebant
958 1877 1058 1911 poetae
1069 1893 1077 1908 ‚
1102 1871 1223 1900 tonitru
1247 1873 1387 1903 sonitum

818 1917 900 1947 nihil
907 1927 970 1947 esse
980 1917 1041 1946 nisi
1050 1926 1206 1957 equorum
1214 1916 1388 1959 currusque

817 1963 918 1994 divini
927 1964 1135 2004 agitationem.
1144 1961 1182 1992 Id
1190 1963 1385 2005 innuitVirg.

817 2009 939 2041 AEneid.
955 2011 1019 2047 VI,
1039 2010 1103 2049 590
1115 2030 1124 2046 ‚
1141 2007 1180 2038 de
1202 2009 1386 2041 Salmoneo:

818 2058 978 2086 Demens!
992 2054 1047 2096 qui
1061 2052 1180 2085 nimbos
1195 2062 1227 2085 ee
1243 2066 1305 2086 non
1321 2055 1388 2086 imi-

817 2101 1048 2143 tabilefidmen
1059 2102 1136 2132 AEre
1148 2108 1180 2132 ec
1186 2101 1386 2142 cornipedum

812 2149 908 2190 pulsu
919 2147 1087 2178 simularat
1100 2157 1249 2188 equorum
1259 2149 1273 2177 Ι

865 2201 896 2232 4.
922 2196 1021 2225 Bruta
1041 2194 1135 2225 tellus
1149 2204 1161 2224 .-
1181 2193 1255 2224 licet
1279 2191 1388 2225 sensus
