1456 2508
72 235 559 248 ”UmuSMS-“Sffimm

221 0 312 23 ’ππ-,φ
330 0 351 9 ‘³
361 0 367 5 ·
388 0 390 2 ’

474 116 552 148 Lm.
578 115 595 146 1
618 115 707 147 omz
729 114 888 146 xxxw.
1229 117 1290 147 ιη

722 229 1293 247 mmmmmmmt‘USmS

178 397 330 456 ODE
375 397 812 457 TRIGESIMA
857 392 1183 472 QUARTA

481 557 896 604 PALINODIA.

83 687 254 727 Horatius,
274 688 364 728 ciam,
380 689 527 732 neglecto
554 689 686 720 deorum
706 689 805 726 cultu,
827 686 945 718 temere
967 696 1076 716 eorum
1092 684 1149 728 qui
1164 683 1291 715 nullam

130 743 209 774 deos
234 755 340 776 rerum
362 744 579 776 humanarum
612 756 724 776 curam
749 744 866 775 habere
893 750 1074 775 statuerent
1099 740 1298 784 sapientiam

127 806 252 830 secutus
266 807 365 839 esset,
380 800 493 831 audito
509 801 638 843 repente
652 800 684 831 in
704 801 784 831 coelo
804 810 918 831 sereno
935 797 1066 836 tonitru,
1080 809 1114 829 se
1133 797 1217 828 adeo
1229 807 1302 839 per-

129 855 251 886 culsum
271 866 339 887 esse
352 864 483 894 narrat,
503 865 552 894 ut,
569 855 719 888 divinitus
735 854 830 898 quasi
841 854 997 892 monitus,
1016 852 1125 885 statim
1143 852 1184 883 ab
1200 850 1302 894 impia

130 909 194 942 istd
218 911 326 943 animi
340 913 549 954 perversitate
567 912 615 943 ad
634 918 773 943 mentem
797 908 960 941 saniorem
975 908 1080 940 redire
1099 906 1240 950 coeperit.
1261 908 1301 938 In

131 963 194 998 Ιιᾶσ
213 965 298 999 ηονᾶ
317 967 428 1012 igitur,
449 968 527 999 deos
547 967 681 999 omnino
713 977 780 998 esse
805 964 863 1008 qui
883 963 995 995 omnia
1013 964 1208 1007 gubernent,
1226 974 1302 1005 per-

130 1021 300 1060 suasione,
318 1022 496 1054 sententias
515 1023 556 1054 de
577 1021 690 1054 divina
711 1021 745 1053 in
765 1033 815 1052 res
833 1019 996 1051 humanas
1008 1016 1160 1061 potentiti
1177 1018 1303 1062 subjun-

129 1075 181 1118 git
196 1076 415 1120 gravissimas.
430 1095 476 1103 ——-
491 1078 568 1109 Iam
586 1078 667 1109 ‘vero
682 1079 755 1108 eum
774 1076 944 1114 Horatius,
961 1073 1107 1117 quamvis
1127 1073 1160 1104 in
1182 1073 1303 1105 nullius

133 1132 284 1176 magistri
294 1133 398 1164 verba
411 1133 470 1176 (ut
498 1134 565 1175 ipse
577 1132 708 1176 fatetur
729 1131 819 1175 infra
832 1130 936 1173 Epist.
951 1132 979 1167 I,
1001 1141 1030 1167 ι,
1052 1143 1063 1162 x
1076 1129 1114 1173 3)
1128 1130 1299 1172 juraverit,

133 1185 164 1218 Ιι.
177 1198 205 1219 e.
222 1187 307 1220 nulli
307 1187 523 1231 philosophiae
535 1196 630 1220 sectce
640 1187 735 1218 unice
750 1186 897 1218 addictus
896 1185 1012 1230 ficet-it,
1026 1194 1057 1216 et
1070 1185 1301 1228 Epicureorum

130 1241 242 1273 tamen
255 1242 386 1285 placita
410 1243 459 1274 ad
478 1242 561 1275 vitae
579 1242 818 1286 jucunditatem
839 1250 872 1273 et
891 1241 1096 1284 voluptatem
1120 1240 1303 1282 spectantia

131 1297 271 1329 studiose
294 1298 467 1342 amplexus
485 1299 527 1330 sit
532 1312 546 1338 ;
570 1298 720 1342 equidem
744 1298 835 1329 illum
855 1308 919 1329 non
938 1296 1004 1328 tam
1021 1295 1172 1337 abjurare
1188 1295 1305 1338 Epicu·

131 1363 222 1384 ream
233 1353 475 1397 philosophiam
491 1363 525 1387 et
537 1355 585 1387 ad
596 1354 740 1386 Stoicam
754 1364 788 1385 se
802 1360 996 1390 convertere,
1010 1352 1070 1383 vel
1084 1351 1168 1383 adei)
1180 1349 1304 1381 Stoico-

131 1419 201 1440 rum
219 1409 426 1453 disciplinam
446 1413 630 1450 traducere,
657 1411 748 1454 quod
761 1409 932 1446 nonnulli,
954 1416 990 1439 ut
1003 1407 1142 1439 aliorum
1159 1407 1306 1450 argutias

132 1473 260 1497 taceam
272 1490 281 1505 ‚
297 1466 426 1509 opinati
439 1475 511 1499 sunt
522 1491 530 1506 ‚
545 1467 606 1499 sed
617 1478 751 1512 gravem
774 1466 866 1497 illum
889 1464 1121 1507 Epicureorum
1141 1475 1279 1495 errorem
1291 1488 1300 1501 ‚

131 1519 209 1551 deos
223 1519 305 1552 nihil
328 1532 442 1554 curare
462 1523 609 1554 homiues
621 1547 629 1562 ,
647 1522 706 1553 lcoc
717 1520 884 1564 praecipue
903 1527 1114 1563 argumento,
1130 1519 1220 1562 quod
1237 1518 1308 1549 lzor-

95 1581 98 1583 '
131 1575 267 1607 rendum
289 1575 323 1608 in
347 1578 429 1609 coelo
449 1589 535 1620 puro
553 1578 700 1609 auditum
727 1577 768 1608 sit
789 1576 927 1614 tonitru,
951 1576 1050 1619 quale
1069 1575 1102 1606 in
1127 1575 1208 1606 coelo
1223 1586 1306 1617 puro

133 1630 243 1662 audiri
255 1643 352 1674 posse
382 1633 444 1676 ipsi
469 1646 598 1678 quoque
617 1633 772 1676 Epicurei
783 1633 932 1676 (Lucret.
963 1633 1012 1663 Vl
1021 1655 1031 1669 ,
1052 1632 1119 1669 245
1149 1639 1183 1663 et
1215 1630 1304 1674 399)

133 1687 310 1730 negabant,
323 1688 470 1732 refellere
479 1691 624 1722 voluisse
635 1690 797 1722 existimo.
808 1692 839 1721 E
841 1696 1006 1721 rraverunt
1015 1687 1113 1731 igitur
1121 1688 1303 1726 Dacierius,

137 1743 271 1775 Sanado
282 1767 291 1783 ,
306 1753 338 1776 et
353 1745 438 1787 ipse,
456 1747 645 1788 quanquam
658 1746 714 1777 vir
724 1745 997 1788 sapientissimus,
1014 1747 1096 1777 Rea.
1108 1744 1225 1782 Bina,
1239 1745 1308 1787 qui-

133 1800 200 1838 bus,
209 1799 377 1842 gravissim
382 1801 407 1832 is
416 1801 526 1833 innixi
531 1803 738 1845 argumentis,
745 1800 910 1833 adversati
914 1808 990 1832 sunt
997 1799 1225 1838 Mitscherlich‚
1233 1802 1306 1832 Doe—

136 1856 229 1899 ring,
246 1857 288 1888 de
307 1858 440 1899 Wailly,
452 1859 679 1901 simpliciorem
696 1860 814 1897 multo,
834 1867 866 1891 et
882 1858 1006 1890 rationi
1018 1856 1126 1901 magis
1139 1864 1308 1889 consenta-

139 1921 236 1942 neam
251 1919 438 1944 eoeterorum
457 1913 588 1945 Horatii
602 1913 811 1957 interpretum
826 1913 1010 1956 opinionem
1028 1911 1129 1944 secuti
1137 1924 1149 1949 ;
1165 1922 1234 1943 rem
1247 1910 1308 1954 igi-

139 1966 192 1998 ἰὰν
201 1966 318 1998 seriam
329 1968 411 1999 serio
424 1976 579 2001 tractasse
585 1976 698 2001 vatem
708 1978 849 2001 nostrum
860 1980 1002 2000 asserere
1013 1967 1175 1999 neminem
1179 1966 1307 2009 pigeat.

198 2080 345 2117 paucus
364 2081 536 2119 Deorum
555 2081 681 2118 cultor
698 2090 735 2118 et
757 2081 978 2131 infrequens
999 2093 1023 2125 ¹,

142 2218 171 2238 1.
192 2204 321 2240 Parcus
351 2209 482 2241 deorum
510 2210 613 2240 cultor
642 2218 675 2241 et
726 2221 799 2242 raro
822 2217 853 2241 et
872 2209 967 2241 nimis
989 2209 1107 2251 exiguo
1124 2206 1215 2238 cultu
1234 2205 1312 2237 deos

89 2253 277 2298 infrequens
291 2267 303 2287 .·
325 2267 384 2300 ego
399 2280 408 2296 ,
436 2259 495 2299 qui
517 2255 671 2288 hactenus
723 2264 896 2290 veneratus
934 2257 1073 2295 fueram,
1103 2255 1160 2298 qui
1198 2264 1312 2285 eorum
