1456 2508
493 111 573 142 LIB.
599 111 649 142 111
673 110 762 142 ODE
786 111 862 144 XX.

1228 111 1290 141 301

181 170 262 209 Ibit
279 170 468 220 insignem
488 179 666 221 repetens
683 168 906 206 Nearchum
918 195 928 215 ‚

181 229 338 270 Grande
354 238 566 278 certamen,
585 228 658 267 tibi
674 228 807 280 praeda
821 228 933 267 cedat

415 291 561 342 Major,
581 293 629 327 an
646 290 713 327 illi.

179 350 360 400 Interim,
379 352 472 390 dum
486 360 530 390 tu
545 352 688 390 celeres
707 351 863 402 sagittas

181 413 330 452 Promis
347 413 377 461 ³,
393 412 476 451 baec
491 412 624 450 dentes
643 413 747 450 acuit
767 412 973 459 timendos,

179 474 342 514 Arbiter
353 487 491 527 pugnae
511 475 684 527 posuisse
700 473 808 512 nudo

417 536 500 576 Sub
518 536 616 588 pede
631 537 797 587 palmam

183 600 335 645 Fertur,
350 606 388 635 et
402 598 478 636 leni
492 610 667 635 recreare
683 606 800 634 vento

180 662 366 711 Sparsum
381 659 551 698 odoratis
568 658 772 696 humerum
789 658 952 708 capilli53

77 829 251 871 aequalium
267 829 449 868 conatibus,
458 829 654 868 Nearchum,

76 876 206 908 delicias
223 887 295 908 suas
306 901 315 917 ,
331 877 466 909 domum
491 888 580 908 suam
608 888 656 907 re-

75 923 182 956 ducet.
197 941 246 951 -—
261 924 393 956 Grande
408 932 573 954 certamen
591 935 602 954 :
620 925 654 955 in

77 972 280 1011 accusativ03
303 972 339 1003 id
362 978 426 1010 est,
449 971 654 1010 Nearchum,

77 1018 190 1062 magni
201 1020 384 1051 certaminis
401 1029 528 1049 causam
542 1026 574 1049 et
586 1030 655 1060 pre-

77 1067 178 1104 tium,
196 1076 255 1108 per
278 1066 415 1108 ellipsim
439 1066 527 1107 apud
546 1073 655 1108 poetas

78 1114 228 1144 usitatam
238 1136 247 1152 ,
262 1121 300 1145 ut
317 1115 353 1145 in
368 1113 427 1144 illo
440 1113 510 1145 Silii
530 1113 652 1151 Italici,

77 1161 136 1199 lv,
162 1161 240 1202 391.
270 1161 392 1192 Ultima
415 1161 553 1191 restabat
576 1160 655 1191 fusis

73 1205 140 1246 jam
158 1207 278 1249 palma
301 1207 430 1239 duobus
448 1207 601 1245 Virbius;
621 1207 655 1238 id

76 1260 142 1293 est,
159 1254 292 1286 ultimus
306 1254 486 1286 vincendus
505 1254 656 1287 restabat.

78 1318 125 1325 —-
143 1301 217 1334 Tibi
232 1302 351 1344 praeda
373 1302 470 1333 cedat
488 1301 598 1342 Illajor
611 1302 655 1332 ὰη

79 1347 131 1380 illi
142 1359 154 1380 .·
166 1359 286 1380 errasse
299 1350 380 1380 mihi
392 1349 543 1380 videntur
561 1351 658 1380 inter-

81 1403 187 1438 pretes
198 1419 207 1436 ‚
224 1395 302 1427 dum
317 1407 429 1428 vocem
446 1397 529 1427 hauc
552 1396 660 1438 major

78 1453 140 1486 pro
172 1443 353 1482 adverbiis,
381 1443 504 1486 magis,
523 1443 631 1485 potitis
644 1467 654 1481 ‚

80 1491 264 1534 accipiunt3
280 1490 368 1533 qnod
386 1490 404 1521 a
421 1491 523 1522 latino
541 1502 658 1522 sermo-

80 1548 123 1569 ne
145 1537 307 1569 absonum
330 1538 411 1569 mihi
435 1538 582 1577 videtur3
597 1539 655 1570 ob-

81 1585 171 1616 vium
185 1595 314 1616 sensum
327 1593 522 1627 respuerunt
533 1609 542 1624 ,
556 1593 593 1617 ut
609 1587 658 1617 in-

79 1633 341 1674 terpretationem
366 1632 547 1670 insolitam,
570 1634 658 1675 quod

78 1680 156 1722 ipsis
174 1679 329 1711 familiare
351 1687 417 1718 est,
440 1679 656 1712 admitterent.

79 1726 189 1769 Major
219 1726 293 1766 hic,
324 1737 393 1758 non
425 1729 635 1769 comparativi
646 1751 655 1767 ,

77 1772 136 1805 sed
147 1774 298 1817 positivi,
313 1780 363 1813 et,
373 1775 401 1805 si
409 1773 524 1805 melius
533 1775 637 1816 placet
647 1798 656 1813 ‚

78 1821 268 1864 superlativi
289 1821 399 1852 locum
426 1821 572 1861 obtinet3
592 1833 658 1864 quo

80 1867 214 1911 quidem
237 1867 320 1899 nihil
343 1868 431 1911 apud
451 1870 580 1900 Latinos
596 1869 658 1900 fre-

81 1914 245 1958 quenuus.
267 1917 356 1946 Inter
374 1915 556 1947 notissimos
575 1928 659 1947 mor-

81 1963 137 1994 bos
154 1971 204 1994 est
223 1962 322 1994 etic'zm
347 1963 373 1994 is
388 1963 447 2006 qui
464 1963 656 2003 comitialis,

82 2010 142 2042 vel
158 2011 262 2051 major
275 2010 484 2048 nominatum
499 2011 581 2043 Cels.
598 2013 658 2050 111,

85 2058 141 2090 23.
152 2056 330 2097 Grandior,
349 2065 381 2088 ee
387 2058 498 2100 plenis
503 2058 577 2099 jczm
580 2059 660 2103 filia

85 2104 204 2136 nubilis
238 2104 356 2142 anni-q
387 2107 517 2136 Vanier.
558 2105 661 2139 Praed.

83 2153 210 2185 Rustic.
239 2152 271 2182 11
282 2174 292 2191 ,
321 2152 357 2182 in
386 2151 462 2185 fine.
491 2153 577 2196 Ergo
606 2165 664 2196 per

79 2199 232 2241 praedam
247 2198 403 2241 majorem
415 2199 604 2241 simpliciter
616 2202 666 2232 iu-

80 2247 196 2291 telligit
220 2247 394 2286 Horatius,
412 2246 552 2289 praedam
577 2258 665 2291 mag-

263 2311 292 2346 Ι.

710 839 805 867 nam,
829 829 897 858 sive
922 828 1117 864 maximam,
1144 833 1214 858 toto
1246 837 1297 857 ve-

710 878 859 907 nantium
876 875 991 906 ardore
1007 874 1231 916 appetendam.

761 925 790 954 3.
819 923 903 953 Dizm
938 930 971 952 tu
999 922 1118 952 celeres
1153 922 1292 963 sagittas

711 970 837 1001 Promis
856 981 868 1000 .·
892 971 927 999 in
954 970 1050 1000 initio
1071 969 1194 999 scilicet
1213 979 1284 1010 pro-

711 1018 907 1055 vocationis;
922 1017 996 1047 mox
1006 1040 1014 1054 ‚
1036 1015 1094 1046 ubi
1111 1017 1212 1047 leaena
1227 1027 1290 1046 me-

711 1065 848 1096 tuendos
858 1065 970 1095 dentes
983 1071 1103 1102 exeret,
1115 1064 1288 1107 fugiturus.

709 1113 826 1150 Aliter,
844 1112 906 1143 sibi
930 1118 1024 1152 poeta
1044 1111 1290 1142 contradiceret.

708 1178 755 1184 —
765 1159 1022 1201 Arbiterpugnoe
1032 1169 1043 1188 .·
1058 1158 1225 1190 Nearchus
1238 1169 1291 1188 cu-

707 1208 760 1247 jus
775 1219 816 1237 ex
837 1206 970 1236 arbitrio
984 1205 1121 1247 pendet,
1140 1208 1207 1237 utri
1223 1207 1291 1236 vic-

711 1256 793 1285 toria
811 1254 913 1292 cedat,
923 1253 979 1284 sed
992 1253 1031 1283 de
1045 1253 1291 1295 pulchritudine

711 1301 766 1332 sua
783 1302 945 1344 litigantes
961 1300 1051 1342 aeque
1066 1300 1290 1332 fastidiens.—

711 1349 860 1380 Posuisse
870 1349 956 1379 nudo
971 1348 1034 1378 Sub
1043 1349 1132 1389 pede
1135 1349 1289 1390 palmam

711 1399 848 1427 Fertur:
868 1398 973 1438 imago
995 1395 1094 1427 ducta
1114 1407 1174 1438 per
1190 1407 1291 1437 oppo-

711 1445 860 1475 sitionem
876 1443 893 1473 a
909 1443 1012 1474 solitis
1033 1443 1189 1474 ludorum
1204 1443 1290 1483 judi·

712 1492 805 1522 cibus
816 1515 824 1530 ,
842 1492 917 1532 qui,
935 1489 975 1521 ad
999 1490 1187 1522 excitandos
1204 1492 1292 1522 inter

712 1550 744 1569 se
759 1539 890 1576 rivales,
909 1538 1048 1580 palmam
1059 1561 1068 1578 ‚
1086 1539 1218 1569 victoris
1241 1538 1291 1569 fu-

712 1587 777 1616 turi
788 1587 969 1627 praemium,
979 1596 1078 1617 manu
1088 1592 1292 1628 praetentant.

712 1633 876 1665 Nearchus
890 1633 907 1663 ὲ
922 1632 1036 1663 contra
1051 1632 1116 1664 tam
1137 1633 1232 1663 nihili
1245 1633 1291 1663 fa-

711 1682 754 1711 cit
765 1680 833 1711 sive
847 1680 986 1722 puellam
997 1703 1006 1718 ‚
1020 1682 1088 1712 sive
1110 1681 1270 1722 Pyrrhum
1283 1703 1292 1718 ‚

711 1736 746 1758 ut
757 1728 894 1769 palmam
900 1727 1100 1770 negligenter
1108 1729 1144 1758 in
1154 1728 1292 1758 humum

710 1777 901 1817 projecerit,
925 1782 957 1806 et
983 1786 1053 1806 eam
1070 1775 1132 1806 sub
1154 1775 1293 1817 pedibus

714 1829 804 1861 terat,
818 1822 862 1852 sic
877 1829 1102 1864 contemptum
1125 1833 1219 1853 sunm
1236 1829 1296 1853 tes·

713 1876 808 1902 tatus.
820 1888 869 1894 --
882 1870 967 1900 Leni
993 1881 1139 1901 recreare
1162 1878 1266 1900 rvento
1281 1881 1293 1899 .-

713 1917 843 1949 flabello
859 1918 1034 1956 ventilare3
1053 1928 1218 1948 summum
1235 1917 1295 1948 fas-

712 1963 784 1995 tidii
809 1971 841 1995 et
864 1966 1054 2007 arrogantiae
1071 1965 1297 1996 indicium.—

712 2012 830 2043 Nireus
839 2023 850 2042 :
863 2023 922 2043 rex
934 2014 1037 2051 Naxi3
1048 2013 1196 2044 omnium
1211 2013 1298 2043 Grac-

715 2070 828 2091 corum
857 2061 915 2101 qui
947 2061 1077 2100 'l'rojam
1116 2068 1294 2098 venerunt,

715 2113 789 2148 post
815 2106 995 2146 Achillem,
1021 2107 1272 2138 formosissimus
1289 2116 1298 2139 ε

720 2153 844 2198 Νιρεύς,
877 2152 908 2190 ὃς
933 2151 1099 2190 κὰλλίστος
1132 2152 1208 2197 ἀνὴρ
1235 2152 1297 2185 ὑπὸ

722 2194 799 2233 Ϊλιεν
809 2201 883 2236 ἦλθε
893 2203 961 2232 Τῶν
972 2199 1076 2233 ἄλλων
1089 2202 1218 2232 Δαναών
1229 2201 1300 2245 μετ’

722 2246 871 2293 ἀμύμονα
891 2246 1068 2284 Πηλείωνα.
1091 2250 1189 2281 Hom.
1205 2249 1296 2281 Iliad.

1107 2309 1155 2345 26
