1456 2508
522 118 600 150 un.
625 117 675 150 111
698 116 787 150 01)ss
809 112 904 150 XIX.

1253 121 1321 154 299

418 179 620 215 Pal-centes
636 188 729 227 ergo
746 175 924 214 dexteras

210 238 289 278 odi
300 253 311 288 3
326 250 465 291 sparge
481 250 589 276 rosas
596 251 607 285 ;
628 237 759 275 audiat
777 234 933 274 invidus
954 241 971 264 ⁷

418 302 644 338 Dementem
661 298 866 350 strepitum
882 299 1029 346 Lycus,

207 363 257 400 Et
272 359 400 399 vicina
418 360 500 398 seni
514 372 593 398 non
610 358 750 397 habilis
764 361 883 408 Lyco.

416 421 547 472 Spissa
567 428 605 458 te
623 419 791 458 nitidum
811 419 921 456 coma
938 416 967 465 3,
1285 422 1317 448 2⁵

205 483 309 520 Puro
328 490 366 521 te
383 482 564 529 similem,
579 480 750 532 Telephe
763 508 773 526 ,
791 482 966 530 Vespero

416 541 660 594 Tempestiva
678 539 775 593 petit
794 538 958 586 Rhode3

202 604 268 640 Me
287 603 410 642 lentus
426 603 601 654 Glycerae
622 610 744 641 torret
763 612 872 639 amor
891 611 998 637 meae.

99 729 242 762 furorem
256 730 451 773 rapiuntur?
465 736 516 769 et,
544 731 572 762 si
595 728 678 761 absit

97 776 236 821 Phrygia
254 778 354 817 tibia,
373 788 430 809 cur
453 777 525 808 silet
542 776 649 808 fistula
661 777 676 807 P

96 834 157 855 cur
179 831 270 856 muta
289 824 410 868 pendet
434 824 583 864 Pindari,
599 826 676 866 Sap-

93 869 180 914 phus
200 878 234 904 et
253 872 358 904 Alcaei
382 872 453 915 lyra
466 872 481 903 P
495 874 597 904 Totus
618 872 675 903 ille

92 917 187 951 loeus
210 926 290 951 aestu
315 921 444 962 poetico
468 919 672 961 plenus'est,

93 972 262 1008 poetaque
279 966 377 999 simul
394 973 426 999 et
439 968 567 1010 egregii
584 973 674 1009 pota-

92 1014 175 1045 toris
187 1013 340 1046 delirium
356 1016 467 1057 spirat.
486 1031 534 1039 —-
549 1016 675 1057 Sparge

93 1071 185 1092 rosas
198 1072 212 1092 .-
225 1062 271 1092 sic
286 1060 383 1104 supra
398 1061 462 1094 Od.
478 1063 513 1101 1,
532 1062 595 1102 36,
614 1062 672 1094 15:

94 1109 170 1140 Neu
182 1108 291 1140 desine
301 1108 404 1150 epulis
414 1119 508 1140 rosce.

139 1166 172 1195 7.
197 1155 325 1188 Audiat
344 1155 470 1186 invidus
488 1166 500 1186 :
520 1153 580 1186 cur
594 1154 673 1186 invi-

93 1201 178 1233 dus?
198 1202 276 1244 quia
288 1202 411 1234 scilicet
426 1213 524 1234 senex
539 1203 674 1234 maritus

90 1249 184 1280 timet
197 1260 240 1280 ne
253 1250 382 1290 juvenis
406 1260 524 1292 sponsa
540 1249 672 1292 frigidas

90 1306 163 1327 suas
185 1304 298 1328 noctes
316 1307 391 1328 eum
412 1296 575 1328 nocturna
590 1299 671 1328 vici-

91 1352 212 1375 norum
245 1344 405 1375 hilaritate
446 1351 478 1375 et
510 1344 671 1376 dementia

92 1399 294 1432 comparens,
313 1401 478 1422 morosum
488 1398 519 1422 et
531 1391 673 1424 fastidio-

92 1446 163 1468 mm
181 1438 354 1480 conjugem
372 1438 411 1468 εὸ
427 1437 528 1480 magis
545 1448 672 1470 averse-

94 1489 158 1516 mr.
171 1501 219 1509 —-
236 1485 315 1516 Non
340 1484 456 1516 habilis
470 1497 482 1516 .·
506 1491 598 1516 aetate
615 1486 673 1517 sua

96 1540 170 1562 cum
187 1532 269 1574 Lyci
282 1538 374 1563 aetate
391 1543 463 1564 non
476 1542 671 1574 congruens.

145 1577 178 1610 8.
196 1576 307 1622 Spigsd
332 1586 363 1610 te
389 1579 528 1610 nitidum
547 1578 642 1610 σοιηᾶ
660 1591 671 1610 .·

96 1634 215 1665 coma,
234 1625 358 1658 decoris
379 1634 412 1658 et
432 1627 552 1669 vigou‘s
574 1626 672 1658 simul

99 1672 227 1716 signum
245 1680 304 1706 est.
316 1691 364 1698 -—
375 1675 462 1706 Puro
480 1681 511 1705 te
528 1673 677 1713 similem,

736 727 836 770 Telep
842 726 892 765 he,
911 729 1064 769 Vespero:
1077 728 1208 769 Vesper,
1223 726 1312 759 stella

731 775 918 807 estVeneris
930 775 1061 806 nomine
1069 773 1313 818 dicta,quaep1·i·
1362 797 1380 812 0
1395 763 1398 768 .

729 834 792 862 ma,
810 822 878 853 sole
894 822 1047 864 fugiente,
1068 829 1210 864 apparet,
1227 832 1312 864 quae,

730 871 798 902 sole
821 876 1006 901 renascente
1017 892 1026 909 ,
1044 869 1158 900 ultima
1176 869 1310 903 recedit.

728 917 832 950 Obvia
847 917 952 948 autem
968 917 1086 959 passim
1100 917 1188 959 apud
1201 923 1313 960 poetas

727 964 884 1007 pulchros
908 966 994 996 inter
1006 965 1142 1004 juvenes
1158 971 1191 996 et
1202 967 1310 996 Vene-

729 1023 823 1044 reum
833 1011 922 1043 sidus
933 1013 1146 1053 comparatio.
1155 1013 1208 1044 Sic
1217 1013 1311 1056 Virg.

728 1059 768 1091 de
784 1059 926 1091 Pallante
937 1082 946 1098 ,
961 1059 1088 1091 AEneid.
1102 1061 1184 1091 vm
1193 1083 1202 1099 ,
1219 1060 1309 1102 589:

731 1106 845 1148 Qualis
864 1105 918 1138 ubi
936 1106 1064 1138 Oceani
1071 1105 1223 1149 perfiasus
1246 1109 1310 1138 Lu-

727 1154 809 1195 cifer
834 1152 927 1185 undd
950 1153 1083 1185 Extulit
1108 1164 1145 1184 os
1178 1164 1308 1185 sacrum

725 1201 828 1238 coelo;
849 1202 896 1232 sic
913 1207 946 1232 et
971 1202 1106 1240 Noster,
1128 1201 1226 1244 supra
1243 1201 1307 1235 Od.

725 1250 795 1287 111,
819 1259 853 1289 9,
873 1259 913 1279 21
935 1258 944 1280 ε
976 1249 1176 1290 Quanquam
1200 1248 1307 1280 sidere

719 1294 887 1338 pulchrior
895 1296 958 1327 Ille
973 1304 1079 1327 est.—
1084 1295 1284 1339 Tempe-stiva
1292 1308 1304 1328 .·

723 1354 793 1374 non
809 1342 916 1374 solinu
940 1349 1067 1374 matura
1085 1344 1176 1384 viro,
1191 1343 1248 1376 sed
1268 1343 1305 1376 ea

726 1397 817 1421 aetate
851 1389 991 1430 florens,
1023 1401 1097 1432 quae
1125 1399 1191 1423 tuae
1221 1392 1307 1423 aetati

726 1444 940 1470 consentanea
961 1443 1028 1476 θεῖς
1047 1438 1093 1468 sie
1107 1441 1199 1481 Lyco
1212 1438 1305 1471 Tele-

726 1484 811 1527 phus
833 1485 1023 1526 opponitur.
1049 1502 1096 1509 κ·-
1111 1487 1168 1518 Me
1198 1485 1307 1517 lentus

730 1531 878 1572 Glycerae
900 1539 999 1563 torret
1014 1542 1111 1563 amor
1130 1543 1213 1564 meae
1228 1543 1240 1563 :
1258 1533 1305 1564 sic

726 1579 879 1611 Tibullus
903 1580 938 1618 1,
956 1584 997 1617 4,
1017 1579 1057 1609 81
1075 1590 1087 1610 .·
1100 1580 1193 1618 Heu,
1219 1578 1305 1611 heu!

726 1625 826 1668 quc'zm
844 1625 933 1658 lento
951 1625 1124 1659 Marathus
1140 1637 1192 1659 me
1207 1634 1306 1660 torret

733 1675 866 1704 amore!
