1456 2508
182 126 223 157 62

565 126 606 165 Q.
632 122 815 155 nomm
839 119 990 156 FLAcm

288 187 365 222 Aut
384 175 423 220 iu
442 181 632 219 umbrosis
651 181 844 218 Heliconis
861 179 876 202 3
897 181 994 226 oris,
1355 187 1370 212 5

286 246 364 280 Aut
384 255 498 292 super
517 240 654 286 Pindo,
675 239 848 290 gelidove
868 239 908 276 in
926 241 1075 286 Haemo,

287 302 397 341 Unde
419 305 434 330 4
450 301 619 338 vocalem
638 302 778 337 temere
795 300 974 336 insecutae

625 359 781 409 Orphea
799 359 922 404 silvae,

288 426 382 460 Arte
402 423 570 458 materna
587 419 601 444 5
621 420 773 471 rapidos
792 427 1002 457 morantem

290 483 503 519 Fluminum
524 481 668 531 lapsus,
686 480 901 529 celeresque
918 486 1069 526 ventos,
1339 494 1368 510 ιο

289 541 472 578 Blandum
492 550 528 579 et
548 541 688 578 auritas
708 539 845 577 fidibus
865 538 1012 576 canoris

625 602 773 636 Ducere
793 611 966 648 quercus.

190 797 236 827 rei
262 796 410 835 objectae,
439 793 483 824 ita
512 794 597 824 vocis
625 801 655 824 et
685 794 756 824 soni

189 843 308 885 imago.
330 841 484 882 Vocisque
508 839 636 882 offensa
659 840 756 870 resul-

189 896 239 919 tat
250 889 368 930 imago.
385 888 474 928 Virg.
494 887 609 928 Georg.
626 888 684 923 IV,
701 886 753 917 50.

237 936 267 965 3.
285 932 471 969 Heliconis;
492 933 640 969 Helicon,
665 943 756 962 mons

188 981 336 1017 Boeotiae,
350 990 417 1010 non
429 979 543 1020 procul
559 978 576 1008 a
592 981 754 1016 Parnasso,

188 1027 334 1068 Apollini
349 1033 379 1056 et
397 1027 498 1055 Musis
514 1035 610 1054 sacer.
625 1042 671 1047 --
684 1024 758 1054 Pin-

190 1073 231 1102 do
245 1084 256 1102 .·
269 1083 360 1102 mons
373 1071 556 1108 Thessaliae,
570 1072 670 1101 Musis
681 1081 757 1111 quo-

190 1130 252 1160 que
279 1119 413 1149 dicatus.
434 1135 479 1141 —-
504 1119 641 1153 Haemo,·
666 1127 757 1146 mons

190 1167 247 1206 qui
267 1165 435 1196 Thraciam
451 1163 468 1194 a
490 1163 602 1194 Moesia
622 1163 756 1201 dividit,

190 1222 278 1242 nuuc
297 1211 315 1241 a
333 1212 448 1252 Lyrico
471 1217 541 1240 vate
566 1210 756 1247 celebratus,

189 1258 311 1298 Orphei
330 1257 628 1287 commemoratione
641 1263 671 1286 et
689 1267 759 1286 can-

188 1305 294 1346 tibus,
313 1310 385 1345 post
404 1310 539 1333 mortem
562 1302 757 1343 Eurydices,

190 1351 338 1392 insignis,
359 1349 502 1391 gelidus,
534 1359 601 1378 non
628 1355 759 1389 propter

190 1398 279 1427 nives
295 1403 326 1426 et
341 1397 472 1437 pruinas
486 1405 493 1427 t
509 1395 587 1435 quid
604 1395 688 1424 enim
710 1395 759 1424 iu-

190 1442 341 1484 spirando
368 1449 470 1483 poetae
497 1439 602 1471 miuus
632 1442 759 1481 aptum!

191 1489 245 1520 sed
265 1496 398 1530 propter
413 1487 507 1518 densa
529 1487 680 1517 arborum
698 1493 763 1528 teg-

191 1536 277 1566 mina
294 1545 302 1566 :
322 1536 349 1565 O
367 1533 435 1576 quis
449 1545 498 1564 me
508 1533 625 1575 gelidis
640 1533 672 1562 in
689 1533 762 1562 val-

192 1582 272 1612 libus
287 1580 395 1611 Haemi
411 1580 510 1610 Sistat
524 1587 555 1609 ec
577 1578 703 1621 ingenti
715 1589 763 1608 ra-

194 1639 316 1658 morum
339 1633 490 1668 protegat
518 1623 628 1655 umbra
638 1629 654 1655 f
667 1626 757 1667 Virg.

195 1675 312 1715 Georg.
329 1675 377 1710 ΙΙ,
395 1673 472 1709 488.

241 1727 272 1757 4.
290 1719 379 1750 Unda»
390 1731 402 1755 ;
422 1719 566 1748 transitio
582 1717 643 1758 qua
659 1718 760 1758 expli-

193 1774 243 1798 cat
260 1776 318 1796 cur
332 1767 478 1796 Haemum
492 1764 654 1794 montibus
670 1765 762 1794 sacris

195 1813 364 1844 miscuerit.
388 1828 433 1834 -——
457 1810 628 1846 Vocalem,
654 1820 764 1840 vocem

193 1861 273 1901 lyrae
286 1858 370 1888 sonis
383 1856 564 1894 maritabat;
578 1856 647 1897 lyra
660 1863 765 1885 autem

197 1912 230 1936 et
251 1905 318 1945 ipsa
343 1902 487 1940 vocalis3
510 1909 587 1932 teste
615 1901 764 1939 Tibullo,

197 1961 282 1982 nunc
291 1958 321 1980 ce
333 1949 466 1980 vocales
480 1947 766 1991 impellerepollice

199 1997 349 2031 chordas,
372 1997 420 2033 ΙΙ,
449 1995 486 2032 5,
506 1996 536 2026 3.
551 2011 597 2017 —-
616 1994 766 2030 Temere,-

198 2044 266 2074 sine
291 2043 418 2079 ordine,
436 2041 524 2082 quasi
541 2041 662 2081 impetu
687 2050 766 2081 quo-

200 2090 273 2120 dam
295 2088 422 2130 rapido,
437 2097 504 2118 non
525 2093 701 2128 spontaneo
716 2085 767 2116 ab-

202 2142 310 2177 reptae.

252 2182 284 2213 5.
315 2181 394 2211 Arte
424 2177 590 2215 maternc'c';
621 2178 768 2219 Orpheus

205 2223 376 2269 Calliopes,
390 2227 486 2257 unius
502 2236 541 2257 ex
553 2226 671 2263 Musis,
684 2223 769 2255 filius

808 800 890 831 erat,
925 792 942 823 a
971 791 1033 834 qua
1065 791 1216 822 musicam
1246 791 1375 824 edoctus

808 841 920 870 fuerat.
941 839 1082 880 Calliope
1098 845 1201 869 autem
1217 839 1261 868 sic
1274 840 1376 869 nomi-

808 893 880 916 nata
902 885 919 916 ἐι
942 895 1061 927 graeco,
1088 881 1269 922 Καλλιόπη,
1288 884 1376 925 quod

808 942 926 962 nomen
944 931 961 961 a
985 932 1096 968 καλὸς,
1111 937 1142 960 et
1157 927 1208 972 ὂψ,
1227 928 1317 969 ὀπὸς,
1337 929 1375 969 ἦ,

808 978 975 1018 pulchram
988 987 1097 1007 vocem
1113 976 1243 1007 habens.
1256 993 1304 1000 --
1315 978 1377 1007 Ra-

805 1024 899 1066 pidos
923 1030 1098 1053 morantem
1110 1022 1287 1066 fluminum
1309 1022 1377 1064 lap·

809 1081 859 1100 sus
865 1082 878 1108 ,·
893 1069 974 1100 nihil
988 1068 1137 1111 grandius
1150 1068 1189 1098 ad
1201 1069 1378 1110 exprimen-

810 1117 881 1146 dam
904 1126 1035 1157 poeseos
1062 1126 1136 1145 cum
1160 1113 1279 1145 musica
1297 1126 1375 1147 con-

808 1164 926 1201 junctae
945 1163 1009 1192 vim
1027 1168 1057 1192 et
1073 1159 1246 1202 potentiam
1257 1184 1266 1199 ,
1283 1160 1378 1202 quam

810 1209 862 1239 illa
873 1219 943 1250 quae
951 1209 1134 1249 perstringit
1142 1207 1298 1248 prodigia.
1309 1207 1380 1238 Flu-

811 1257 897 1285 mina
915 1261 946 1284 et
961 1255 1048 1285 venti
1065 1255 1244 1284 consistunt
1265 1259 1302 1284 ut
1322 1255 1381 1285 Or-

811 1302 891 1343 phea
907 1307 1071 1331 canentem
1084 1300 1232 1338 audiant3
1248 1299 1381 1340 quidni?

813 1358 886 1378 cum
909 1349 1026 1386 majora
1043 1348 1079 1377 in
1100 1347 1211 1376 Inferis
1227 1346 1380 1376 miracula

814 1393 970 1424 edidisset.
985 1392 1050 1424 vid.
1065 1394 1181 1434 Georg.
1202 1394 1258 1430 IV,
1270 1393 1306 1423 in
1322 1390 1380 1424 fin.

813 1440 921 1471 Fidem
942 1439 1093 1469 inauditis
1107 1437 1259 1469 hactenus
1274 1449 1381 1469 mons-

815 1488 871 1517 tris
893 1485 1014 1516 addidit
1040 1485 1237 1526 temporibus
1263 1486 1381 1515 nostris

816 1533 971 1564 Gluckius
983 1555 992 1570 ,
1006 1530 1083 1562 dum
1105 1529 1230 1562 insueta
1245 1532 1332 1561 vocis
1351 1537 1382 1561 et

815 1581 1099 1609 instrumentorum
1113 1577 1281 1608 dulcedine
1290 1600 1299 1616 ,
1316 1587 1384 1608 non

815 1623 919 1655 solum
933 1626 969 1654 in
989 1624 1126 1655 Theatro
1148 1623 1276 1664 Orphea
1296 1622 1385 1654 exhi-

813 1671 902 1708 buit,
929 1671 1038 1701 Furias
1060 1673 1234 1710 Larvasque
1256 1669 1384 1701 doman-

815 1725 887 1753 tem,
897 1717 951 1746 sed
961 1716 1050 1747 extra
1059 1726 1192 1754 scenam,
1202 1726 1330 1758 quoque
1338 1716 1387 1746 in-

815 1763 907 1794 vidiae
925 1763 1085 1793 silentium
1102 1764 1327 1803 imponentem.
1339 1779 1385 1785 —-

818 1809 957 1850 Rapidos
970 1809 1076 1849 lapsus
1084 1821 1097 1846 ‚·
1113 1807 1181 1839 labi
1189 1818 1256 1838 non
1269 1818 1326 1850 per
1340 1818 1383 1846 se,

817 1862 853 1885 ut
876 1856 919 1885 ait
935 1853 1168 1893 Mitscherlich,
1184 1854 1239 1884 sed
1256 1865 1313 1895 per
1331 1853 1384 1884 ad-

815 1902 963 1940 junctum
989 1901 1132 1942 epithet„
1160 1901 1292 1931 citatum
1314 1911 1385 1931 cur-

818 1958 888 1977 sum
900 1948 1017 1978 innuit.
1033 1958 1064 1978 v.
1079 1945 1190 1988 supra,
1207 1948 1255 1985 ΙΙ,
1274 1953 1331 1984 14,
1353 1957 1384 1978 2.

819 2010 864 2016 -
878 1993 1040 2024 Blandum
1055 1993 1169 2023 ducere
1183 2004 1195 2023 :
1213 1992 1258 2023 ita
1270 1992 1386 2024 blande

819 2038 898 2069 fides
922 2050 1051 2070 canoras
1074 2040 1258 2081 agitantem,
1274 2045 1311 2070 nt
1325 2039 1386 2070 du-

821 2093 914 2116 ceret.
938 2086 988 2117 Sic
1004 2085 1066 2116 Od.
1086 2087 1134 2123 X,
1156 2084 1274 2126 supra:
1293 2084 1386 2116 calli-

821 2132 895 2162 dum
916 2132 1062 2162 condere.
1086 2148 1134 2154 —
1156 2130 1287 2162 Amicus
1302 2142 1314 2161 :
1331 2141 1387 2162 au·

821 2178 927 2208 dacter
941 2185 971 2207 et
985 2178 1084 2219 lyrice
1094 2200 1103 2216 ‚
1118 2187 1194 2219 pro,
1209 2177 1389 2207 auscultan-

824 2231 885 2264 tes,
905 2222 1015 2255 cantus
1030 2225 1181 2256 suavitate
1198 2222 1352 2255 delinitas.
