1456 2508
477 136 557 168 Lm.
582 135 599 166 1
623 133 721 167 om:
736 132 863 166 xxxt.

1229 139 1291 159 121

175 199 356 236 Premant
376 195 518 234 Calena
537 193 655 240 falce,
673 191 819 244 quibus
834 189 942 229 dedit

175 260 368 305 Fortuna,
386 256 505 295 vitem
523 257 538 282 ³
555 268 564 291 :
588 253 698 293 dives
717 263 756 292 et
775 252 902 291 aureis
1266 267 1296 281 ιι»

229 321 428 358 Mercator
447 316 612 356 exsiccet
630 316 643 347 4
659 314 811 353 culullis
985 310 989 315 ’

282 381 401 429 Vina,
418 380 516 430 Syra
532 386 711 430 reparata
729 389 876 422 merce,

148 441 218 480 Dis
235 454 348 479 carus
367 440 484 493 ipsis;
505 437 652 490 quippe
674 437 733 474 ter
751 445 789 474 et
806 434 943 487 quater

149 506 263 541 Anno
282 501 453 539 revisens
470 511 606 550 aequor
621 497 858 535 Atlanticum

204 563 380 613 Impune.
397 563 464 599 Me
483 567 647 612 pascunt
664 558 678 583 ⁵
699 558 830 604 olivae,
1267 565 1296 588 15

258 625 324 660 Me
343 621 542 668 cichorea,
556 621 738 671 levesque
754 618 900 656 malvae.

182 684 277 723 Frui
294 683 439 736 paratis
459 682 473 705 ⁶
490 690 529 720 et
547 681 676 719 valido
696 680 814 727 mihi,

178 748 317 793 Lateo,
335 746 476 793 dones;
499 753 556 791 et,
574 755 735 794 precor,
757 742 906 792 integi-2⁴1

70 868 175 910 ripam
198 867 267 909 agri
286 864 473 897 fertilissimi
496 864 655 895 ambiunt.

77 913 258 946 —Mordet
270 924 281 944 :
298 911 490 955 exquisitius
505 923 567 954 pro
582 921 590 943 ε
610 911 656 942 al-

70 962 141 994 luit.

120 1009 152 1041 3.
176 1010 336 1040 Fremant
352 1005 480 1039 calend
490 1006 586 1050 falce
600 1006 655 1037 ‘m'-

70 1065 134 1088 tem
152 1067 164 1087 :
183 1066 264 1098 pro,
283 1062 432 1098 premant
454 1054 534 1086 falce
556 1055 653 1086 vitem

72 1104 222 1137 Calenam
233 1126 243 1142 ,
259 1103 359 1134 vitem
375 1104 410 1134 in
426 1101 599 1144 Campania
612 1103 654 1132 si-

73 1159 135 1183 tam
147 1174 156 1190 ,
175 1150 194 1182 εὶ
218 1150 348 1183 Calibus
359 1173 368 1190 ,
383 1150 483 1190 hujus
514 1150 654 1191 regionis

71 1198 213 1242 oppido,
234 1205 272 1229 ut
292 1208 364 1240 sup.
388 1200 468 1236 XX,
487 1207 526 1238 9,
547 1197 654 1238 praelo

71 1246 226 1278 domitam
243 1245 368 1277 Caleno
383 1255 496 1275 uvam:
504 1255 655 1286 premere

46 1303 53 1309 ·
70 1301 178 1325 autem
181 1292 279 1337 falce
298 1299 346 1324 est
365 1292 498 1324 inutiles
522 1293 595 1324 vitis
610 1303 655 1322 ra-

70 1341 177 1373 mulos
189 1340 363 1383 praecidere
373 1364 382 1379 ,
391 1339 481 1382 quod
490 1351 573 1382 opus
582 1351 655 1381 pro-

26 1417 33 1430 ,
70 1389 141 1431 prie
159 1388 339 1430 appellatur
346 1387 488 1429 putatio.
503 1389 554 1419 Sic
561 1388 653 1430 Virg.

71 1437 191 1479 Georg.
219 1437 254 1474 1,
288 1435 372 1474 156,
395 1442 427 1465 et
455 1434 537 1465 ruris
561 1434 657 1476 opaci

71 1483 170 1515 Falce
179 1493 310 1525 premes
331 1482 473 1514 umbras.
497 1482 584 1513 Mal&
599 1483 655 1524 igi-

71 1531 159 1574 gitur
181 1532 214 1563 J.
236 1529 330 1562 Bond
346 1529 431 1561 hanc
447 1540 560 1561 vocem
577 1541 654 1571 pre-

71 1585 166 1610 mant
185 1577 225 1608 tle
243 1577 398 1609 torculari
413 1579 654 1619 interpretatur.

120 1631 152 1663 4,
177 1624 330 1657 Eaesiccet
345 1636 356 1656 :
375 1625 503 1663 ebibat,
520 1632 557 1656 ut
571 1624 654 1656 iufrzi

72 1674 221 1710 XXXV,
239 1683 302 1713 27,
327 1672 404 1704 cadi
428 1672 542 1703 siccati
567 1683 651 1714 pro:

71 1721 171 1763 epoti.
186 1737 234 1744 —
254 1719 390 1752 Culullis
407 1730 419 1750 .·
443 1719 559 1750 cululli
577 1727 653 1751 sunt

71 1767 203 1810 proprie
226 1767 339 1798 calices
364 1765 499 1805 fictiles,
531 1766 651 1808 quibus

71 1812 244 1857 pontifices
276 1815 481 1857 virginesque
509 1814 652 1846 Vestales

44 1880 53 1892 .
69 1861 245 1894 utebantur
261 1862 298 1893 in
311 1860 486 1893 sacrificiis.
501 1879 546 1885 —-
564 1862 652 1893 Vina

34 2370 83 2418 ›0²-

69 1915 224 1951 oeparaca
238 1906 322 1950 Syr-d
337 1919 454 1941 merce.
467 1909 555 1939 Vina
567 1920 652 1952 emp-

71 1962 123 1995 ta,
141 1966 212 1989 non
240 1957 410 1998 pecuniam
433 1956 565 1998 quidem
586 1957 650 1988 sol-

71 2002 198 2042 vendo,
221 2003 278 2035 sed
303 2005 405 2046 Syriis
423 2004 586 2035 mercibus
615 2006 651 2036 iu

67 2051 167 2092 pretii
179 2051 374 2082 solutionem
392 2050 484 2084 datis.
503 2054 647 2090 Parare,

69 2104 118 2129 est
139 2109 273 2140 quoquo
290 2098 390 2130 modo
408 2100 590 2141 acquirere3
606 2111 652 2130 re-

67 2155 190 2187 parare
198 2152 247 2177 est
258 2147 422 2188 acquirere
431 2157 490 2188 per
504 2154 651 2178 mutuam

69 2191 270 2227 diversarum
298 2194 456 2224 mercium
491 2196 652 2226 transmis-

70 2240 206 2273 doum.
217 2242 262 2272 Ea
281 2242 329 2272 vis
343 2249 391 2272 est
407 2242 496 2273 illius
511 2241 650 2284 redupll-

70 2288 182 2322 σπίνω
196 2300 242 2325 re,
255 2288 356 2320 verbo
370 2289 509 2331 simplici
522 2289 648 2322 additae,

267 2357 298 2393 1,

711 881 758 887 ——
789 863 914 904 AEquor
939 861 1143 892 Atlanticum
1167 872 1177 890 .·
1209 871 1297 891 mare

711 910 902 942 Africanum
914 932 922 947 ‚
940 909 986 939 sic
1011 908 1135 940 dictum
1152 906 1169 938 :i
1185 915 1294 939 monte

711 958 842 990 Atlante
854 980 862 995 ,
877 957 934 998 qui
958 957 992 986 in
1010 954 1206 987 Mauritania
1222 956 1298 986 emi-

708 1003 977 1046 net.——-Impune:
987 1003 1061 1046 qiua
1070 1003 1130 1034 diis
1137 1013 1228 1033 carus
1239 1010 1296 1036 est.

757 1054 788 1085 5.
802 1054 856 1084 Me
863 1059 1006 1094 pascunt
1014 1064 1026 1088 ;
1037 1052 1070 1082 in
1082 1050 1248 1082 nonnullis
1255 1052 1297 1082 le-

707 1102 795 1143 gitur
807 1110 814 1132 :
826 1099 1208 1142 111epascanc5quasijam
1219 1107 1294 1130 vota

708 1159 897 1190 nuncupare
905 1147 1064 1189 inciperet
1076 1154 1171 1177 vates.
1179 1147 1297 1187 Liquet

708 1207 809 1227 error.
840 1197 915 1227 Non
933 1196 1016 1225 votis
1033 1205 1116 1236 opus
1129 1201 1176 1224 est
1197 1195 1296 1225 Hora-

709 1245 755 1274 tio
764 1266 774 1281 ,
797 1250 833 1274 ut
846 1242 1084 1284 simplicissimo
1101 1241 1174 1272 cibo
1189 1248 1220 1272 et
1234 1242 1292 1273 ol)-

710 1303 723 1322 x
732 1291 769 1321 iis
782 1290 983 1332 ubicumque
993 1289 1212 1332 leguminibus
1224 1297 1292 1320 uta-

708 1345 772 1370 tur.
787 1340 863 1371 Non
878 1339 958 1369 tanti
972 1345 1018 1369 est
1037 1338 1106 1377 ejus
1127 1336 1216 1367 modi
1229 1339 1295 1368 vie-

709 1392 760 1416 tus
769 1409 778 1423 ,
790 1393 842 1424 ut,
857 1387 947 1427 quasi
959 1383 1154 1416 beneficium
1169 1385 1294 1428 insigne

709 1433 726 1464 ia
750 1434 819 1464 Diis
840 1434 1043 1475 imploretur.
1063 1434 1113 1463 En
1138 1443 1246 1463 veram
1262 1441 1294 1464 et

708 1488 871 1522 patentem
915 1480 1042 1512 Horatii
1073 1480 1263 1510 sententiam
1284 1492 1292 1513 ς

708 1529 788 1570 quid
803 1539 873 1570 ego,
884 1530 936 1559 cui
951 1527 1017 1559 tam
1031 1528 1216 1559 communia
1226 1527 1294 1558 suf-

707 1575 843 1614 ficiunt,
860 1583 966 1618 petam
985 1576 1026 1606 ab
1045 1574 1217 1616 Apolline,
1232 1576 1295 1606 nisi

709 1631 745 1654 ut
764 1625 802 1654 iis
823 1623 880 1654 dih
900 1631 931 1655 et
953 1623 1125 1665 tranquille
1142 1621 1208 1652 frui
1221 1633 1296 1654 con·

708 1672 970 1714 liugan—Leve&
979 1671 1095 1701 malvoe
1106 1681 1117 1700 .·
1126 1668 1202 1711 quia
1219 1681 1294 1702 veu-

706 1726 787 1750 trem
801 1720 926 1750 solvere
937 1742 945 1757 ,
957 1717 1079 1750 nedum
1089 1717 1291 1750 stomachum

705 1778 835 1810 gravare
846 1790 855 1806 ,
875 1766 1066 1798 creduntur.

753 1815 830 1845 Frui
837 1814 965 1856 paratis
975 1825 983 1847 :
994 1813 1080 1845 Vide
1091 1813 1228 1855 praeced.
1244 1833 1290 1838 —

706 1863 810 1893 Lato?
817 1874 828 1893 .·
843 1862 891 1893 fili
901 1865 1041 1901 Latonae‚
1050 1872 1122 1904 quae
1131 1861 1234 1903 graece
1245 1862 1291 1893 di-

705 1911 790 1940 citur
807 1911 900 1945 Λητὼ
913 1910 1050 1949 ,Dorice
1074 1907 1189 1947 Λατὼς
1213 1909 1289 1940 hinc

704 1959 859 1989 Latonius
897 1958 950 1989 vel
994 1955 1112 1988 Latous
1126 1980 1135 1994 ‚
1170 1957 1290 1998 epithe-

706 2011 763 2036 ton
793 2006 967 2047 Apollinis.
986 2023 1032 2028 —
1049 2004 1167 2035 Valido
1189 2003 1285 2042 mihi,

705 2060 738 2083 ec
774 2051 904 2096 integrc‘z'
940 2064 1012 2083 cum
1047 2059 1153 2082 mente
1175 2063 1187 2082 :
1220 2051 1287 2084 duo

706 2101 844 2131 maxime
860 2100 1000 2143 optanda
1016 2100 1186 2141 conjungit
1197 2122 1205 2137 ,
1218 2111 1290 2131 cor-

705 2149 793 2189 poris
821 2154 853 2179 et
886 2149 986 2179 animi
1013 2149 1179 2178 sanitatem
1203 2157 1211 2178 :
1241 2150 1288 2179 sic

704 2197 782 2228 Juv.
808 2198 856 2234 X,
886 2197 951 2227 356
966 2219 975 2233 ‚
997 2194 1168 2226 orandum
1188 2202 1236 2226 est
1259 2204 1295 2227 uc

706 2242 747 2273 sit
771 2254 863 2274 mens
885 2254 968 2274 sana
992 2243 1024 2274 ιή
1047 2253 1180 2284 corpore
1194 2254 1288 2277 sano.

705 2309 750 2315 -
762 2292 831 2322 Nec
841 2298 963 2332 turpem
980 2298 1142 2322 senectam
1157 2291 1292 2334 degere:

1086 2372 1126 2396 11
