1456 2508
129 126 147 154 s
512 126 552 165 Q.
579 122 763 154 HonATn
785 121 940 153 FLAcct

156 183 305 234 Deripe{
314 197 355 222 re
370 186 500 220 lunam
516 181 670 218 vocibus
676 180 828 228 possim
841 180 948 216 meis.
968 177 1088 229 Epod.
1113 190 1172 224 17,
1193 176 1255 223 78.

157 243 337 294 Itgfnjmis
351 243 524 293 Hele1noe
545 241 680 276 Castor
692 239 859 285 Qssensus
874 240 1010 276 vicem.
1026 241 1094 288 Ep.
1117 251 1176 284 17,
1190 242 1249 282 42.

168 303 287 351 Optat
301 304 395 354 quie}
405 311 478 339 tem
495 301 675 351 Pelolpis
691 301 801 348 infidi
807 307 936 348 pater.
954 298 1073 350 Epod.
1101 311 1160 344 17,
1178 294 1240 334 65.

161 363 338 413 Alitilbus
356 364 486 413 athue
510 362 682 411 catzilbus
700 360 950 410 homilcidam
970 359 1179 395 Hectorem.

1046 417 1166 469 Eppd.
1189 429 1246 463 17,
1268 427 1324 451 12.

169 482 370 531 Vecca1b0r
382 481 565 531 hamelris
585 471 672 517 tuni:
686 480 694 531 l
710 493 778 529 ego
794 478 975 528 inilmicis
995 489 1117 527 eques,

1050 536 1170 588 Epod.
1188 550 1246 583 17,
1263 541 1323 579 44.

191 602 337 651 Saepius
357 615 499 640 caesura
517 602 687 652 neglecta
707 609 773 639 est.

190 665 235 698 In
256 663 409 713 epodon
434 676 548 701 carm.
574 664 619 700 16
646 662 827 700 Horatius
854 674 929 699 non
959 660 1030 698 nisi
1059 658 1194 697 iambis
1220 655 1327 707 puris

140 735 228 760 usus
246 731 311 760 est.

192 785 256 819 Est
276 783 315 820 in
333 793 454 822 metro
472 786 546 831 XI,
564 786 667 830 XIV,
686 785 769 829 XV,
785 785 909 820 XVII.
958 804 962 805 ν

402 878 421 890 s

480 883 526 928 b.
555 886 721 928 Versus
751 881 981 928 trochaici.

143 989 175 1025 5.
195 991 335 1028 Versus
354 989 569 1027 trochaicus
588 989 749 1026 dimeter
767 988 980 1026 catalectus.

719 1076 738 1092 υ

363 1103 431 1124 -0
478 1106 547 1123 -υ
594 1102 740 1122 —0-

366 1158 543 1193 Truditur
556 1158 637 1193 dies
654 1157 726 1193 die.
750 1159 810 1203 II,
833 1159 895 1203 18,
919 1156 976 1194 15.

195 1218 375 1255 Horatius
393 1217 603 1268 spondeum
622 1218 661 1254 in
680 1216 844 1254 secunda
863 1215 951 1254 sede
969 1229 1045 1254 non
1065 1215 1239 1254 admittit.

195 1279 260 1315 Est
279 1277 317 1315 in
336 1287 458 1315 metro
477 1280 619 1315 XVIII.

456 1392 493 1422 c.
524 1379 690 1421 Versus
711 1374 1019 1422 choriambici.

144 1482 178 1517 6.
197 1482 338 1517 Versus
365 1479 629 1517 Pherecratius
653 1492 681 1516 s.
706 1477 985 1516 choriambicus
1005 1484 1239 1515 monometer
1258 1476 1332 1526 hy-

196 1539 469 1590 percatalectus
496 1553 582 1576 cum
610 1539 691 1577 basi
722 1539 761 1576 in
788 1541 863 1589 quai
891 1538 994 1589 apud
1023 1540 1156 1576 Horat.
1176 1548 1332 1586 semper

197 1601 386 1650 spondeus
407 1609 472 1638 est.

373 1711 451 1716 --
515 1697 694 1718 -υω-
758 1680 788 1716 3.

373 1755 409 1788 V
408 1754 439 1789 is
439 1753 621 1799 formosa
634 1751 771 1790 videri.
791 1755 856 1799 IV,
879 1754 944 1800 13,
961 1753 994 1788 3.

196 1818 261 1853 Est
278 1815 317 1852 in
335 1823 457 1852 metro
475 1817 539 1851 IV.

146 1911 179 1943 7.
203 1898 343 1934 Versus
362 1895 591 1944 Glyconicus
610 1908 638 1932 s.
657 1892 936 1931 choriambicus
954 1893 1114 1931 dimeter
1132 1892 1335 1944 cattalectus

198 1956 236 1993 in
265 1954 531 2006 pyrrhichium
559 1963 624 1991 aut
648 1953 834 2001 iambum,
854 1966 940 1991 cum
966 1951 1067 1999 basi,
1092 1965 1205 2003 quam
1233 1949 1334 2002 apud

196 2019 328 2055 Horat.
349 2028 498 2066 semper
517 2013 707 2067 spondeus
727 2022 839 2052 tenet.

726 2100 745 2118 0

332 2141 406 2147 --
453 2127 575 2148 -00
637 2128 752 2148 -0-

325 2170 392 2205 Nil
408 2167 630 2206 mortalibus
645 2170 809 2211 arduum
824 2175 889 2205 est.
912 2171 948 2215 Ι,
969 2169 1011 2215 3,
1032 2169 1092 2217 37.

194 2230 253 2267 Bis
270 2229 309 2266 in
331 2228 414 2267 basi
433 2227 667 2279 reperiretur
686 2227 875 2267 trochaeus
893 2229 925 2267 si
946 2228 1058 2267 lectio
1079 2227 1266 2265 servanda
1282 2239 1337 2263 cs-
