1456 2508
254 103 295 131 26
633 106 673 145 Q.
699 104 882 135 noaATn
905 105 1056 138 FLACC1

382 163 564 208 Venator,
583 170 722 199 tenerae
739 162 909 212 conjugis
927 163 1142 212 immemor,

382 225 457 260 Seu
474 222 555 259 visa
573 231 630 260 est
648 223 782 260 catulis
802 236 914 260 cerva
934 223 1128 271 fidelibus„
1179 231 1182 234 ’

381 286 456 320 Seu
474 283 578 333 rupit
597 291 734 320 teretes
753 286 902 322 Marsus
923 298 1015 334 aper
1030 286 1171 336 plagas.

378 345 442 379 Me
463 341 661 379 doctarum
679 342 801 380 ederae
820 344 976 394 praemia
993 344 1206 382 frontium¹⁵

380 401 448 439 Dis
467 402 623 439 miscent
640 402 786 453 superis
805 417 814 439 ε
832 417 892 441 me
909 404 1075 454 gelidum
1091 417 1223 443 nemus
1408 416 1437 437 >³0

380 462 718 512 Nympharumque
735 463 836 500 leves
855 466 942 501 cum
962 465 1104 514 Satyris
1124 465 1231 502 chori
1262 487 1272 503 's

381 523 590 558 Secernunt
608 523 752 572 populo
773 537 781 558 :
799 523 829 560 si
847 536 971 573 neque
989 523 1100 562 tibias

380 584 546 632 Euterpe
565 581 735 628 cohibet,
755 595 825 619 nec
844 583 1091 632 Polyhymnia

378 640 568 678 Lesboum
587 642 726 692 refugit
744 643 899 680 tendere
920 641 1110 680 barbiton.

376 701 522 746 Quodsi
540 714 599 738 mc
617 702 744 751 lyricis
763 702 915 739 vatibus
933 702 1115 749 inferes¹⁶,
1405 712 1434 734 55

245 825 306 856 sub
324 827 420 863 Jove,
446 826 506 856 sub
530 837 615 864 aere,
641 825 700 857 ὑπὸ
727 826 812 865 Διὸς,

244 871 329 902 unde
344 873 464 910 Latini,
485 873 598 904 eodem
616 883 729 912 sensu,
752 874 813 904 sub

243 919 307 950 dio.
322 936 369 942 -
387 921 518 950 Tenerae
532 919 676 962 conjugis
686 943 694 956 ,
717 931 813 962 quam

240 964 359 1007 diligit;
375 967 551 997 venationis
563 967 704 997 studium
721 974 752 997 et
764 978 814 997 ve-

237 1014 359 1044 natoris
374 1014 544 1054 pertinacia
557 1015 603 1044 sic
619 1020 810 1055 augetur.—

243 1061 369 1089 Teretes
391 1059 530 1101 plagas,
559 1061 636 1090 retia
662 1061 751 1090 tenui
772 1068 809 1090 ct

239 1105 379 1136 rotundo
394 1105 450 1136 filo
466 1113 624 1138 contexta.

290 1163 302 1182 1
311 1153 341 1183 5.
356 1154 411 1183 Me
422 1153 585 1184 doctarum
600 1153 705 1184 ederoe
717 1163 728 1183 :
741 1163 807 1191 me,

238 1209 306 1229 uon
319 1207 350 1229 te
360 1222 369 1236 ‚
387 1207 424 1230 ut
437 1200 603 1238 nonnulli,
620 1199 731 1230 eontra
744 1210 809 1230 om-

236 1246 324 1273 nium
339 1257 411 1278 mSS.
428 1246 542 1285 fidem,
562 1249 727 1278 restituere
743 1253 808 1276 ten-

238 1295 402 1327 taverunt,
426 1294 488 1318 ran
508 1296 620 1325 novat,
646 1303 724 1324 mox
746 1294 807 1323 sibi

237 1335 527 1372 contradicturum,
547 1333 626 1364 dum
648 1342 705 1364 um
728 1341 805 1366 Mm-

237 1384 354 1413 conatis
368 1381 520 1423 suffragio
539 1380 654 1411 debere
676 1391 708 1410 se
731 1381 806 1412 fate-

236 1430 339 1468 bitur,
355 1428 444 1470 quod
459 1428 588 1458 sublimi
602 1428 694 1458 feriat
705 1428 804 1458 sidera

236 1476 363 1507 vertice.
379 1475 527 1516 Speciosa
539 1473 664 1505 tantum
679 1481 804 1504 contra-

234 1522 383 1553 dictionis
398 1521 546 1560 objectio.
557 1523 616 1552 Per
623 1521 679 1551 has
692 1531 804 1552 voces:

237 1567 298 1599 D1¹s
321 1568 454 1598 miscent
481 1567 616 1608 superis,
649 1566 805 1609 significat

236 1618 316 1647 Hor.
335 1625 402 1645 non
426 1625 459 1644 se
482 1614 542 1644 diis
563 1614 714 1654 aequalem
739 1625 804 1644 esse

236 1662 324 1704 qubd
349 1671 461 1691 versus
488 1661 622 1698 scribat,
651 1659 706 1690 sed
734 1671 805 1690 cnm

235 1709 295 1740 diis
314 1707 542 1739 commercium
559 1707 733 1737 instituere.
755 1708 805 1738 Sic

237 1754 373 1787 Ovidius
389 1756 469 1785 Fast.
494 1754 552 1785 lib.
568 1755 615 1784 VI
627 1776 635 1791 ,
650 1764 731 1784 verS.
753 1764 769 1792 7
795 1764 802 1785 :

236 1804 300 1833 Fas
309 1800 553 1842 mihipraecipue
565 1800 674 1831 vultus
685 1799 805 1831 vidisse

235 1849 382 1884 deornm,
412 1847 472 1876 Vel
497 1846 573 1888 quia
595 1857 663 1876 sum
687 1854 799 1883 vates,

235 1895 294 1926 vel
314 1894 500 1949 quiaaecra
518 1903 610 1924 cana.
630 1895 724 1925 Nunc
746 1894 802 1934 igi-

232 1949 286 1972 tur
302 1950 471 1972 commune
484 1941 586 1982 poetis
592 1939 802 2016 (frivilegium

234 1989 331 2027 jactat
355 1987 529 2024 Horatius;
558 1997 590 2016 se
638 1996 714 2016 mox
741 1987 800 2016 sibi

236 2033 559 2075 multoinsiguiorem
576 2032 593 2062 ἐι
611 2034 783 2063 Maecenate
792 2055 801 2070 ,

234 2088 267 2111 et
286 2081 360 2112 vere
376 2079 569 2122 peculiarem
587 2079 713 2110 laudem
729 2080 799 2109 vin-

236 2128 366 2159 dicabit.
388 2144 434 2152 —
457 2126 590 2163 Ederae,
621 2127 695 2167 quia
724 2127 800 2156 Bac-

206 2207 210 2210 *
235 2174 296 2205 cho
305 2184 412 2212 sacrae,
427 2173 541 2204 decent
551 2179 678 2214 poetam
691 2173 758 2203 vini
771 2179 802 2202 et

235 2221 406 2262 voluptatis
421 2226 588 2251 amantem.
604 2237 651 2244 --
670 2219 725 2251 Me
745 2229 800 2261 ge-

866 827 965 858 lidum
988 839 1097 858 nemus
1111 839 1122 858 .·
1145 828 1314 869 sylvestres
1335 837 1434 858 seces-

866 884 918 904 sus
937 875 1095 916 poeticum
1107 875 1270 917 ingenium
1285 869 1431 904 excitant.

866 921 917 951 Sic
935 929 1042 952 noster
1057 921 1196 959 Bolaeus,
1212 921 1310 962 Epist.
1324 921 1372 950 VI
1396 921 1433 950 ad

866 969 1053 998 Lamonium
1079 978 1088 998 :
1118 970 1206 998 Pour
1229 966 1357 997 animer
1377 978 1432 997 ma

865 1013 948 1044 vola:
962 1017 985 1044 J
986 1014 1032 1044 'ai
1041 1013 1147 1044 besoin
1161 1014 1204 1044 du
1215 1013 1331 1044 silence
1347 1021 1379 1044 et
1392 1014 1432 1043 de

861 1060 875 1089 I
878 1060 994 1090 'ombre
1005 1061 1061 1091 des
1073 1060 1148 1093 bois.
1159 1062 1198 1090 In
1208 1060 1258 1090 his
1270 1066 1374 1090 autem
1387 1071 1431 1090 se-

863 1107 1001 1137 cessibus
1009 1108 1069 1138 sibi
1075 1109 1141 1149 ipse
1147 1106 1273 1138 videtur
1279 1105 1431 1148 nympha-

861 1164 934 1184 rum
955 1156 1205 1196 satyrorumque
1223 1153 1328 1184 choris
1347 1153 1430 1190 frui,

861 1206 892 1230 et
904 1200 1087 1231 suavissima
1099 1200 1153 1231 illa
1165 1200 1428 1241 contemplatione

859 1247 1034 1278 secernitur
1046 1247 1063 1277 ὲ
1078 1247 1216 1290 populo,
1229 1247 1320 1286 cujus
1333 1246 1428 1277 hebe-

859 1299 904 1323 tes
917 1294 1018 1331 oculi,
1036 1301 1127 1326 terrae
1141 1293 1246 1333 affixi,
1261 1293 1426 1334 nunquam
1440 1307 1456 1329 χ

859 1340 900 1370 ad
927 1340 1072 1371 divinum
1101 1341 1183 1372 illud
1213 1340 1427 1382 spectaculum

860 1385 1058 1415 attollamus„
1073 1405 1120 1412 -—
1139 1387 1174 1418 Si
1190 1397 1294 1428 neque
1310 1386 1404 1417 tibias
1415 1399 1428 1423 ;

859 1427 895 1457 eei
920 1435 1024 1458 tamen
1053 1427 1238 1459 condinouo
1265 1441 1303 1464 ut
1325 1435 1428 1465 Musae

859 1474 938 1504 mihi
970 1475 1074 1505 favere
1104 1485 1172 1506 non
1199 1473 1427 1516 dedignatum

859 1531 967 1551 omnes
991 1528 1094 1552 autem
1115 1523 1223 1552 Musas
1244 1522 1426 1563 complecti-

858 1574 920 1605 tur,
943 1566 1019 1598 dum
1041 1569 1186 1599 nominat
1206 1569 1427 1600 tantummodo

857 1615 1017 1655 Euterpen
1041 1621 1072 1645 et
1094 1615 1354 1656 Polyhymniam,
1379 1618 1426 1646 in-

860 1667 1030 1691 vocaturus
1043 1671 1171 1702 quoque
1184 1661 1407 1703 Melpomenen
1417 1686 1425 1699 ,

858 1706 914 1737 lib.
941 1709 999 1746 IV,
1027 1708 1058 1738 3.
1081 1725 1127 1731 —-
1150 1708 1302 1738 Lesboum
1327 1709 1426 1739 barbi-

858 1760 912 1783 ton
930 1764 941 1782 .·
959 1754 1084 1794 qualem
1111 1755 1215 1796 lyrani
1242 1755 1368 1796 Sappho
1395 1763 1425 1786 et

857 1800 983 1830 Alcaeus
1001 1801 1035 1831 in
1052 1800 1155 1831 insula
1179 1801 1279 1832 Lesbo
1297 1801 1426 1833 tendere

855 1846 1008 1878 solebant.

906 1894 957 1923 16.
986 1892 1080 1934 Quod
1098 1893 1126 1923 si
1147 1903 1197 1923 me
1218 1893 1332 1933 (rt-icis.
1360 1897 1422 1926 De-

854 1938 1071 1969 licatissimum
1108 1941 1290 1971 Maecenatis
1327 1952 1422 1972 enco-

855 1986 955 2015 mium
963 2007 972 2022 ,
982 1987 1072 2027 quasi
1081 1985 1199 2017 diceret
1208 1996 1217 2019 :
1227 1986 1342 2018 frustra
1351 1987 1422 2019 deo-

854 2042 926 2061 rum
941 2032 1079 2063 consiliis
1092 2033 1286 2071 intervenio,
1301 2034 1421 2075 gelidos

854 2089 1021 2109 nemorum
1059 2079 1240 2120 frequento⁷
1261 2090 1419 2117 recessus,

853 2126 1040 2167 Satyrorum
1059 2125 1335 2168 nympharumque
1348 2126 1420 2157 cho-

852 2181 905 2201 ros
917 2171 996 2201 mihi
1005 2171 1152 2202 admirari
1163 2182 1347 2204 concessum
1357 2179 1418 2209 est,

853 2229 917 2248 una
938 2218 1006 2249 haec
1019 2225 1065 2249 est
1079 2220 1128 2249 via
1144 2218 1205 2260 qua
1220 2219 1337 2260 possim
1358 2229 1419 2249 coe-
