<?xml version="1.0" encoding="UTF-8"?>
<!DOCTYPE html PUBLIC "-//W3C//DTD XHTML 1.0 Transitional//EN"
    "http://www.w3.org/TR/xhtml1/DTD/xhtml1-transitional.dtd">
<html xmlns="http://www.w3.org/1999/xhtml" xml:lang="en" lang="en">
 <head>
  <title>
</title>
<meta http-equiv="Content-Type" content="text/html;charset=utf-8" />
  <meta name='ocr-system' content='tesseract 3.04.00' />
  <meta name='ocr-capabilities' content='ocr_page ocr_carea ocr_par ocr_line ocrx_word'/>
</head>
<body>
  <div class='ocr_page' id='page_1' title='image "./quintushoratiusf01horauoft_0158.png"; bbox 0 0 1456 2508; ppageno 0'>
   <div class='ocr_carea' id='block_1_1' title="bbox 199 130 315 161">
    <p class='ocr_par' dir='ltr' id='par_1_1' title="bbox 199 130 315 161">
     <span class='ocr_line' id='line_1_1' title="bbox 199 130 315 161; baseline 0.009 -7"><span class='ocrx_word' id='word_1_1' title='bbox 199 130 263 161; x_wconf 70' lang='lat'><strong>124</strong></span> <span class='ocrx_word' id='word_1_2' title='bbox 313 131 315 133; x_wconf 80' lang='grc'><strong>“</strong></span> 
     </span>
    </p>
   </div>
   <div class='ocr_carea' id='block_1_2' title="bbox 1217 0 1410 23">
    <p class='ocr_par' dir='ltr' id='par_1_2' title="bbox 1217 0 1410 23">
     <span class='ocr_line' id='line_1_2' title="bbox 1217 0 1410 23; baseline 0.01 -11"><span class='ocrx_word' id='word_1_3' title='bbox 1217 0 1246 12; x_wconf 53' lang='grc' dir='ltr'><strong>ῚῊ</strong></span> <span class='ocrx_word' id='word_1_4' title='bbox 1251 0 1354 23; x_wconf 48' lang='lat' dir='ltr'><strong>‘’⁸qu</strong></span> <span class='ocrx_word' id='word_1_5' title='bbox 1360 0 1410 19; x_wconf 56' lang='lat' dir='ltr'><strong>YJ&#39;tss</strong></span> 
     </span>
    </p>
   </div>
   <div class='ocr_carea' id='block_1_3' title="bbox 586 132 1012 175">
    <p class='ocr_par' dir='ltr' id='par_1_3' title="bbox 586 132 1012 175">
     <span class='ocr_line' id='line_1_3' title="bbox 586 132 1012 175; baseline 0.019 -15"><span class='ocrx_word' id='word_1_6' title='bbox 586 133 627 172; x_wconf 86' lang='lat' dir='ltr'><strong>Q.</strong></span> <span class='ocrx_word' id='word_1_7' title='bbox 653 132 837 175; x_wconf 73' lang='lat' dir='ltr'><strong>nonATn</strong></span> <span class='ocrx_word' id='word_1_8' title='bbox 860 134 1012 167; x_wconf 78' lang='lat' dir='ltr'>FLACCI</span> 
     </span>
    </p>
   </div>
   <div class='ocr_carea' id='block_1_4' title="bbox 296 185 1382 361">
    <p class='ocr_par' dir='ltr' id='par_1_4' title="bbox 296 185 1382 361">
     <span class='ocr_line' id='line_1_4' title="bbox 298 185 1136 242; baseline 0.01 -20"><span class='ocrx_word' id='word_1_9' title='bbox 298 185 479 223; x_wconf 76' lang='lat' dir='ltr'><strong>Liberum</strong></span> <span class='ocrx_word' id='word_1_10' title='bbox 500 194 537 223; x_wconf 88' lang='lat' dir='ltr'><strong>ct</strong></span> <span class='ocrx_word' id='word_1_11' title='bbox 558 189 706 234; x_wconf 82' lang='lat' dir='ltr'>Musas,</span> <span class='ocrx_word' id='word_1_12' title='bbox 725 190 1006 242; x_wconf 73' lang='lat' dir='ltr'><strong>Veneremque,</strong></span> <span class='ocrx_word' id='word_1_13' title='bbox 1025 200 1062 230; x_wconf 84' lang='lat' dir='ltr'><strong>et</strong></span> <span class='ocrx_word' id='word_1_14' title='bbox 1079 193 1136 232; x_wconf 87' lang='lat' dir='ltr'>illi</span> 
     </span>
     <span class='ocr_line' id='line_1_5' title="bbox 299 245 1051 300; baseline 0.013 -19"><span class='ocrx_word' id='word_1_15' title='bbox 299 247 456 296; x_wconf 86' lang='lat' dir='ltr'>Semper</span> <span class='ocrx_word' id='word_1_16' title='bbox 472 245 677 284; x_wconf 77' lang='lat' dir='ltr'><strong>haerentem</strong></span> <span class='ocrx_word' id='word_1_17' title='bbox 698 261 860 298; x_wconf 87' lang='lat' dir='ltr'>puerum</span> <span class='ocrx_word' id='word_1_18' title='bbox 875 251 1051 300; x_wconf 85' lang='lat' dir='ltr'>canebat,</span> 
     </span>
     <span class='ocr_line' id='line_1_6' title="bbox 296 306 1382 361; baseline 0.008 -20"><span class='ocrx_word' id='word_1_19' title='bbox 296 308 343 342; x_wconf 90' lang='lat' dir='ltr'><strong>Et</strong></span> <span class='ocrx_word' id='word_1_20' title='bbox 362 308 522 355; x_wconf 86' lang='lat' dir='ltr'>Lycum,</span> <span class='ocrx_word' id='word_1_21' title='bbox 545 306 662 356; x_wconf 84' lang='lat' dir='ltr'>nigris</span> <span class='ocrx_word' id='word_1_22' title='bbox 680 308 797 346; x_wconf 87' lang='lat' dir='ltr'>oculis</span> <span class='ocrx_word' id='word_1_23' title='bbox 813 310 999 361; x_wconf 87' lang='lat' dir='ltr'><strong>nigroque</strong></span> <span class='ocrx_word' id='word_1_24' title='bbox 1354 333 1382 348; x_wconf 78' lang='lat' dir='ltr'>m</span> 
     </span>
    </p>
   </div>
   <div class='ocr_carea' id='block_1_5' title="bbox 451 365 771 405">
    <p class='ocr_par' dir='ltr' id='par_1_5' title="bbox 451 365 771 405">
     <span class='ocr_line' id='line_1_7' title="bbox 451 365 771 405; baseline 0.003 -3"><span class='ocrx_word' id='word_1_25' title='bbox 451 365 562 403; x_wconf 81' lang='lat' dir='ltr'><strong>Crine</strong></span> <span class='ocrx_word' id='word_1_26' title='bbox 580 366 771 405; x_wconf 82' lang='lat' dir='ltr'>decorum.</span> 
     </span>
    </p>
   </div>
   <div class='ocr_carea' id='block_1_6' title="bbox 293 425 1380 598">
    <p class='ocr_par' dir='ltr' id='par_1_6' title="bbox 293 425 1380 598">
     <span class='ocr_line' id='line_1_8' title="bbox 297 425 1061 480; baseline 0.01 -19"><span class='ocrx_word' id='word_1_27' title='bbox 297 427 330 462; x_wconf 95' lang='grc' dir='ltr'>Ο</span> <span class='ocrx_word' id='word_1_28' title='bbox 351 425 465 462; x_wconf 74' lang='lat' dir='ltr'>docus</span> <span class='ocrx_word' id='word_1_29' title='bbox 484 425 635 472; x_wconf 82' lang='lat' dir='ltr'>Phoebi,</span> <span class='ocrx_word' id='word_1_30' title='bbox 657 435 694 464; x_wconf 84' lang='lat' dir='ltr'><strong>et</strong></span> <span class='ocrx_word' id='word_1_31' title='bbox 713 427 874 478; x_wconf 82' lang='lat' dir='ltr'>dapibus</span> <span class='ocrx_word' id='word_1_32' title='bbox 895 431 1061 480; x_wconf 83' lang='lat' dir='ltr'>supremi</span> 
     </span>
     <span class='ocr_line' id='line_1_9' title="bbox 295 485 955 534; baseline 0.009 -13"><span class='ocrx_word' id='word_1_33' title='bbox 295 489 412 522; x_wconf 79' lang='lat' dir='ltr'>Grata</span> <span class='ocrx_word' id='word_1_34' title='bbox 432 485 581 523; x_wconf 82' lang='lat' dir='ltr'><strong>testudo</strong></span> <span class='ocrx_word' id='word_1_35' title='bbox 601 486 723 534; x_wconf 86' lang='lat' dir='ltr'>Jovis,</span> <span class='ocrx_word' id='word_1_36' title='bbox 743 489 766 525; x_wconf 86' lang='grc' dir='ltr'>ὀ</span> <span class='ocrx_word' id='word_1_37' title='bbox 781 488 955 527; x_wconf 86' lang='lat' dir='ltr'>laborum</span> 
     </span>
     <span class='ocr_line' id='line_1_10' title="bbox 293 544 1380 598; baseline 0.009 -18"><span class='ocrx_word' id='word_1_38' title='bbox 293 544 412 581; x_wconf 80' lang='lat' dir='ltr'>Dulce</span> <span class='ocrx_word' id='word_1_39' title='bbox 429 545 599 582; x_wconf 80' lang='lat' dir='ltr'><strong>levamen</strong></span> <span class='ocrx_word' id='word_1_40' title='bbox 615 547 707 583; x_wconf 87' lang='lat' dir='ltr'><strong>mihi</strong></span> <span class='ocrx_word' id='word_1_41' title='bbox 724 560 890 598; x_wconf 88' lang='lat' dir='ltr'><strong>cunque,</strong></span> <span class='ocrx_word' id='word_1_42' title='bbox 909 549 1010 587; x_wconf 86' lang='lat' dir='ltr'><strong>salve</strong></span> <span class='ocrx_word' id='word_1_43' title='bbox 1031 558 1057 598; x_wconf 72' lang='lat'><strong>3,</strong></span> <span class='ocrx_word' id='word_1_44' title='bbox 1348 571 1356 586; x_wconf 76' lang='grc' dir='ltr'>ι</span> <span class='ocrx_word' id='word_1_45' title='bbox 1367 562 1380 586; x_wconf 82' lang='lat'><strong>5</strong></span> 
     </span>
    </p>
   </div>
   <div class='ocr_carea' id='block_1_7' title="bbox 447 605 725 644">
    <p class='ocr_par' dir='ltr' id='par_1_7' title="bbox 447 605 725 644">
     <span class='ocr_line' id='line_1_11' title="bbox 447 605 725 644; baseline 0.004 -2"><span class='ocrx_word' id='word_1_46' title='bbox 447 605 533 642; x_wconf 84' lang='lat' dir='ltr'>Rite</span> <span class='ocrx_word' id='word_1_47' title='bbox 552 607 698 644; x_wconf 84' lang='lat' dir='ltr'>vocanti</span> <span class='ocrx_word' id='word_1_48' title='bbox 717 609 725 643; x_wconf 86' lang='lat'>!</span> 
     </span>
    </p>
   </div>
   <div class='ocr_carea' id='block_1_8' title="bbox 175 731 756 1417">
    <p class='ocr_par' dir='ltr' id='par_1_8' title="bbox 175 731 756 1195">
     <span class='ocr_line' id='line_1_12' title="bbox 183 731 753 774; baseline 0.002 -11"><span class='ocrx_word' id='word_1_49' title='bbox 183 735 249 774; x_wconf 78' lang='lat' dir='ltr'>ipsa</span> <span class='ocrx_word' id='word_1_50' title='bbox 270 731 333 762; x_wconf 88' lang='lat' dir='ltr'>loci</span> <span class='ocrx_word' id='word_1_51' title='bbox 349 731 445 769; x_wconf 85' lang='lat' dir='ltr'>hujus</span> <span class='ocrx_word' id='word_1_52' title='bbox 465 732 620 761; x_wconf 80' lang='lat' dir='ltr'><strong>sententia</strong></span> <span class='ocrx_word' id='word_1_53' title='bbox 638 731 731 762; x_wconf 86' lang='lat' dir='ltr'><strong>docet</strong></span> <span class='ocrx_word' id='word_1_54' title='bbox 746 743 753 764; x_wconf 90' lang='lat'>:</span> 
     </span>
     <span class='ocr_line' id='line_1_13' title="bbox 183 778 756 821; baseline -0.003 -11"><span class='ocrx_word' id='word_1_55' title='bbox 183 779 318 821; x_wconf 70' lang='lat' dir='ltr'><strong>opponit</strong></span> <span class='ocrx_word' id='word_1_56' title='bbox 332 778 416 808; x_wconf 85' lang='lat' dir='ltr'><strong>enim</strong></span> <span class='ocrx_word' id='word_1_57' title='bbox 432 779 527 807; x_wconf 78' lang='lat' dir='ltr'><strong>Vates</strong></span> <span class='ocrx_word' id='word_1_58' title='bbox 537 787 695 808; x_wconf 84' lang='lat' dir='ltr'>armorum</span> <span class='ocrx_word' id='word_1_59' title='bbox 706 785 756 808; x_wconf 63' lang='lat' dir='ltr'><strong>tu&lt;</strong></span> 
     </span>
     <span class='ocr_line' id='line_1_14' title="bbox 184 824 752 864; baseline -0.004 -8"><span class='ocrx_word' id='word_1_60' title='bbox 184 826 320 856; x_wconf 81' lang='lat' dir='ltr'>multum</span> <span class='ocrx_word' id='word_1_61' title='bbox 346 825 412 854; x_wconf 85' lang='lat' dir='ltr'>otio</span> <span class='ocrx_word' id='word_1_62' title='bbox 433 829 464 854; x_wconf 87' lang='lat' dir='ltr'><strong>et</strong></span> <span class='ocrx_word' id='word_1_63' title='bbox 481 825 581 864; x_wconf 79' lang='lat' dir='ltr'>quieti</span> <span class='ocrx_word' id='word_1_64' title='bbox 598 824 752 855; x_wconf 66' lang='lat' dir='ltr'><strong>confecta}</strong></span> 
     </span>
     <span class='ocr_line' id='line_1_15' title="bbox 181 870 752 913; baseline -0.004 -10"><span class='ocrx_word' id='word_1_65' title='bbox 181 871 401 913; x_wconf 82' lang='lat' dir='ltr'><strong>navigationis.</strong></span> <span class='ocrx_word' id='word_1_66' title='bbox 420 870 547 902; x_wconf 78' lang='lat' dir='ltr'>Omittit</span> <span class='ocrx_word' id='word_1_67' title='bbox 561 870 612 900; x_wconf 64' lang='lat' dir='ltr'><strong>h‘xc</strong></span> <span class='ocrx_word' id='word_1_68' title='bbox 626 882 752 911; x_wconf 87' lang='lat' dir='ltr'>quoquc</span> 
     </span>
     <span class='ocr_line' id='line_1_16' title="bbox 180 915 750 958; baseline -0.005 -9"><span class='ocrx_word' id='word_1_69' title='bbox 180 918 330 950; x_wconf 77' lang='lat' dir='ltr'>Horatius</span> <span class='ocrx_word' id='word_1_70' title='bbox 347 916 480 946; x_wconf 82' lang='lat' dir='ltr'><strong>alterum</strong></span> <span class='ocrx_word' id='word_1_71' title='bbox 494 915 555 946; x_wconf 68' lang='lat' dir='ltr'><strong>sive</strong></span> <span class='ocrx_word' id='word_1_72' title='bbox 566 939 574 954; x_wconf 89' lang='lat'>‚</span> <span class='ocrx_word' id='word_1_73' title='bbox 597 923 635 946; x_wconf 89' lang='lat' dir='ltr'><strong>ut</strong></span> <span class='ocrx_word' id='word_1_74' title='bbox 656 916 750 958; x_wconf 55' lang='lat' dir='ltr'>supra}</span> 
     </span>
     <span class='ocr_line' id='line_1_17' title="bbox 178 962 749 1004; baseline -0.005 -8"><span class='ocrx_word' id='word_1_75' title='bbox 178 965 242 996; x_wconf 84' lang='lat' dir='ltr'><strong>Od.</strong></span> <span class='ocrx_word' id='word_1_76' title='bbox 259 965 308 994; x_wconf 82' lang='grc' dir='ltr'><strong>ΙΙΙ</strong></span> <span class='ocrx_word' id='word_1_77' title='bbox 322 963 361 994; x_wconf 81' lang='lat' dir='ltr'><strong>de</strong></span> <span class='ocrx_word' id='word_1_78' title='bbox 375 962 485 993; x_wconf 76' lang='lat' dir='ltr'>Africo</span> <span class='ocrx_word' id='word_1_79' title='bbox 500 969 596 993; x_wconf 82' lang='lat' dir='ltr'><strong>vento</strong></span> <span class='ocrx_word' id='word_1_80' title='bbox 604 963 749 1004; x_wconf 85' lang='lat' dir='ltr'><strong>loquens,</strong></span> 
     </span>
     <span class='ocr_line' id='line_1_18' title="bbox 178 1008 750 1050; baseline -0.005 -9"><span class='ocrx_word' id='word_1_81' title='bbox 178 1010 308 1041; x_wconf 85' lang='lat' dir='ltr'><em>Arbiter</em></span> <span class='ocrx_word' id='word_1_82' title='bbox 314 1009 455 1045; x_wconf 84' lang='lat' dir='ltr'><strong>Hadriae,</strong></span> <span class='ocrx_word' id='word_1_83' title='bbox 470 1008 580 1039; x_wconf 80' lang='lat' dir='ltr'><strong>tollere</strong></span> <span class='ocrx_word' id='word_1_84' title='bbox 593 1020 750 1050; x_wconf 80' lang='lat' dir='ltr'><strong>seupone-</strong></span> 
     </span>
     <span class='ocr_line' id='line_1_19' title="bbox 175 1054 750 1099; baseline -0.003 -12"><span class='ocrx_word' id='word_1_85' title='bbox 175 1068 209 1087; x_wconf 82' lang='lat' dir='ltr'><strong>re</strong></span> <span class='ocrx_word' id='word_1_86' title='bbox 225 1055 390 1099; x_wconf 73' lang='lat' dir='ltr'><strong>vulcfi&#39;eta</strong></span> <span class='ocrx_word' id='word_1_87' title='bbox 399 1079 408 1092; x_wconf 95' lang='lat'>,</span> <span class='ocrx_word' id='word_1_88' title='bbox 428 1062 458 1085; x_wconf 79' lang='lat' dir='ltr'><strong>et</strong></span> <span class='ocrx_word' id='word_1_89' title='bbox 471 1054 532 1086; x_wconf 89' lang='lat' dir='ltr'><strong>Od.</strong></span> <span class='ocrx_word' id='word_1_90' title='bbox 546 1056 609 1085; x_wconf 85' lang='lat' dir='ltr'><strong>XV</strong></span> <span class='ocrx_word' id='word_1_91' title='bbox 618 1055 657 1085; x_wconf 88' lang='lat' dir='ltr'><strong>de</strong></span> <span class='ocrx_word' id='word_1_92' title='bbox 665 1055 750 1086; x_wconf 81' lang='lat' dir='ltr'><strong>Sthe-</strong></span> 
     </span>
     <span class='ocr_line' id='line_1_20' title="bbox 177 1101 750 1143; baseline -0.007 -8"><span class='ocrx_word' id='word_1_93' title='bbox 177 1104 251 1134; x_wconf 87' lang='lat' dir='ltr'>nelo</span> <span class='ocrx_word' id='word_1_94' title='bbox 269 1113 277 1135; x_wconf 88' lang='lat'><strong>:</strong></span> <span class='ocrx_word' id='word_1_95' title='bbox 299 1101 407 1132; x_wconf 80' lang='lat' dir='ltr'><em>Sciens</em></span> <span class='ocrx_word' id='word_1_96' title='bbox 426 1112 548 1143; x_wconf 78' lang='lat' dir='ltr'><strong>pugnae</strong></span> <span class='ocrx_word' id='word_1_97' title='bbox 560 1124 570 1138; x_wconf 85' lang='lat'><em>‚</em></span> <span class='ocrx_word' id='word_1_98' title='bbox 590 1101 653 1132; x_wconf 83' lang='lat' dir='ltr'><strong>sive</strong></span> <span class='ocrx_word' id='word_1_99' title='bbox 673 1113 750 1142; x_wconf 81' lang='lat' dir='ltr'><strong>opus</strong></span> 
     </span>
     <span class='ocr_line' id='line_1_21' title="bbox 175 1147 534 1195; baseline -0.011 -14"><span class='ocrx_word' id='word_1_100' title='bbox 175 1157 224 1182; x_wconf 75' lang='lat' dir='ltr'><strong>est</strong></span> <span class='ocrx_word' id='word_1_101' title='bbox 235 1148 416 1190; x_wconf 76' lang='lat' dir='ltr'><strong>imperitare</strong></span> <span class='ocrx_word' id='word_1_102' title='bbox 430 1147 534 1195; x_wconf 67' lang='lat' dir='ltr'><strong>equis2</strong></span> 
     </span>
    </p>

    <p class='ocr_par' dir='ltr' id='par_1_9' title="bbox 175 1193 747 1417">
     <span class='ocr_line' id='line_1_22' title="bbox 224 1193 747 1227; baseline -0.008 0"><span class='ocrx_word' id='word_1_103' title='bbox 224 1197 254 1227; x_wconf 84' lang='lat'><strong>3.</strong></span> <span class='ocrx_word' id='word_1_104' title='bbox 268 1195 380 1226; x_wconf 77' lang='lat' dir='ltr'><strong>Salve:</strong></span> <span class='ocrx_word' id='word_1_105' title='bbox 392 1196 427 1225; x_wconf 88' lang='lat' dir='ltr'><strong>in</strong></span> <span class='ocrx_word' id='word_1_106' title='bbox 436 1204 474 1224; x_wconf 84' lang='lat' dir='ltr'><strong>eo</strong></span> <span class='ocrx_word' id='word_1_107' title='bbox 484 1193 547 1224; x_wconf 68' lang='lat' dir='ltr'><strong>fere</strong></span> <span class='ocrx_word' id='word_1_108' title='bbox 554 1204 663 1224; x_wconf 86' lang='lat' dir='ltr'><strong>omnes</strong></span> <span class='ocrx_word' id='word_1_109' title='bbox 674 1204 747 1224; x_wconf 88' lang='lat' dir='ltr'><strong>con-</strong></span> 
     </span>
     <span class='ocr_line' id='line_1_23' title="bbox 176 1241 746 1274; baseline -0.005 -2"><span class='ocrx_word' id='word_1_110' title='bbox 176 1243 317 1274; x_wconf 77' lang='lat' dir='ltr'><strong>sentiunt</strong></span> <span class='ocrx_word' id='word_1_111' title='bbox 339 1242 527 1273; x_wconf 79' lang='lat' dir='ltr'>recentiores</span> <span class='ocrx_word' id='word_1_112' title='bbox 548 1241 671 1271; x_wconf 83' lang='lat' dir='ltr'>Horatii</span> <span class='ocrx_word' id='word_1_113' title='bbox 697 1242 746 1270; x_wconf 88' lang='lat' dir='ltr'><strong>in-</strong></span> 
     </span>
     <span class='ocr_line' id='line_1_24' title="bbox 177 1286 745 1331; baseline -0.009 -11"><span class='ocrx_word' id='word_1_114' title='bbox 177 1296 327 1331; x_wconf 81' lang='lat' dir='ltr'><strong>terpretes</strong></span> <span class='ocrx_word' id='word_1_115' title='bbox 340 1295 376 1318; x_wconf 92' lang='lat' dir='ltr'><strong>ut</strong></span> <span class='ocrx_word' id='word_1_116' title='bbox 399 1287 482 1318; x_wconf 87' lang='lat' dir='ltr'><strong>hanc</strong></span> <span class='ocrx_word' id='word_1_117' title='bbox 498 1297 606 1316; x_wconf 86' lang='lat' dir='ltr'><strong>vocem</strong></span> <span class='ocrx_word' id='word_1_118' title='bbox 618 1309 626 1324; x_wconf 89' lang='lat'>,</span> <span class='ocrx_word' id='word_1_119' title='bbox 642 1286 727 1316; x_wconf 81' lang='lat' dir='ltr'><strong>salve</strong></span> <span class='ocrx_word' id='word_1_120' title='bbox 737 1310 745 1325; x_wconf 83' lang='lat'>‚</span> 
     </span>
     <span class='ocr_line' id='line_1_25' title="bbox 175 1333 742 1376; baseline -0.007 -10"><span class='ocrx_word' id='word_1_121' title='bbox 175 1337 371 1376; x_wconf 86' lang='lat' dir='ltr'><strong>conjungant</strong></span> <span class='ocrx_word' id='word_1_122' title='bbox 384 1345 456 1365; x_wconf 89' lang='lat' dir='ltr'><strong>cum</strong></span> <span class='ocrx_word' id='word_1_123' title='bbox 475 1333 724 1374; x_wconf 74' lang='lat' dir='ltr'><strong>praecedentibus</strong></span> <span class='ocrx_word' id='word_1_124' title='bbox 735 1356 742 1370; x_wconf 94' lang='lat'>‚</span> 
     </span>
     <span class='ocr_line' id='line_1_26' title="bbox 178 1378 741 1417; baseline -0.007 -5"><span class='ocrx_word' id='word_1_125' title='bbox 178 1381 219 1413; x_wconf 65' lang='lat' dir='ltr'><strong>itin</strong></span> <span class='ocrx_word' id='word_1_126' title='bbox 250 1388 287 1411; x_wconf 89' lang='lat' dir='ltr'><strong>ut</strong></span> <span class='ocrx_word' id='word_1_127' title='bbox 311 1381 378 1411; x_wconf 78' lang='lat' dir='ltr'><strong>haec</strong></span> <span class='ocrx_word' id='word_1_128' title='bbox 405 1380 498 1411; x_wconf 84' lang='lat' dir='ltr'>verba</span> <span class='ocrx_word' id='word_1_129' title='bbox 509 1402 517 1417; x_wconf 88' lang='lat'>,</span> <span class='ocrx_word' id='word_1_130' title='bbox 545 1379 629 1409; x_wconf 77' lang='lat' dir='ltr'><em>salve</em></span> <span class='ocrx_word' id='word_1_131' title='bbox 648 1378 741 1417; x_wconf 78' lang='lat' dir='ltr'><strong>milei,</strong></span> 
     </span>
    </p>
   </div>
   <div class='ocr_carea' id='block_1_9' title="bbox 796 732 1376 1424">
    <p class='ocr_par' dir='ltr' id='par_1_10' title="bbox 796 732 1376 1424">
     <span class='ocr_line' id='line_1_27' title="bbox 806 732 1375 778; baseline 0.011 -16"><span class='ocrx_word' id='word_1_132' title='bbox 806 732 890 763; x_wconf 83' lang='lat' dir='ltr'><strong>idem</strong></span> <span class='ocrx_word' id='word_1_133' title='bbox 904 735 1027 764; x_wconf 79' lang='lat' dir='ltr'><strong>valeant</strong></span> <span class='ocrx_word' id='word_1_134' title='bbox 1036 757 1044 772; x_wconf 94' lang='lat'><em>‚</em></span> <span class='ocrx_word' id='word_1_135' title='bbox 1056 745 1092 764; x_wconf 82' lang='lat' dir='ltr'><strong>ac</strong></span> <span class='ocrx_word' id='word_1_136' title='bbox 1103 757 1111 772; x_wconf 92' lang='lat'>,</span> <span class='ocrx_word' id='word_1_137' title='bbox 1127 735 1254 766; x_wconf 77' lang='lat' dir='ltr'><em>sismilu</em></span> <span class='ocrx_word' id='word_1_138' title='bbox 1265 739 1375 778; x_wconf 81' lang='lat' dir='ltr'><strong>propi-</strong></span> 
     </span>
     <span class='ocr_line' id='line_1_28' title="bbox 807 779 1374 822; baseline 0.011 -13"><span class='ocrx_word' id='word_1_139' title='bbox 807 779 872 816; x_wconf 85' lang='grc' dir='ltr'><strong>ιία,·</strong></span> <span class='ocrx_word' id='word_1_140' title='bbox 895 790 990 820; x_wconf 82' lang='lat' dir='ltr'><strong>quam</strong></span> <span class='ocrx_word' id='word_1_141' title='bbox 1016 781 1307 822; x_wconf 72' lang='lat' dir='ltr'><strong>interpretationem</strong></span> <span class='ocrx_word' id='word_1_142' title='bbox 1327 794 1374 814; x_wconf 81' lang='lat' dir='ltr'><strong>sc-</strong></span> 
     </span>
     <span class='ocr_line' id='line_1_29' title="bbox 805 827 1371 867; baseline 0.009 -12"><span class='ocrx_word' id='word_1_143' title='bbox 805 827 897 865; x_wconf 82' lang='lat' dir='ltr'>quuti</span> <span class='ocrx_word' id='word_1_144' title='bbox 910 833 984 857; x_wconf 82' lang='lat' dir='ltr'><strong>sunt</strong></span> <span class='ocrx_word' id='word_1_145' title='bbox 1000 827 1122 858; x_wconf 83' lang='lat' dir='ltr'>Sanado</span> <span class='ocrx_word' id='word_1_146' title='bbox 1145 836 1175 859; x_wconf 85' lang='lat' dir='ltr'><strong>et</strong></span> <span class='ocrx_word' id='word_1_147' title='bbox 1189 829 1351 860; x_wconf 78' lang='lat' dir='ltr'><strong>Dacierius</strong></span> <span class='ocrx_word' id='word_1_148' title='bbox 1362 854 1371 867; x_wconf 85' lang='lat'>‚</span> 
     </span>
     <span class='ocr_line' id='line_1_30' title="bbox 804 872 1374 913; baseline 0.011 -12"><span class='ocrx_word' id='word_1_149' title='bbox 804 873 947 913; x_wconf 80' lang='lat' dir='ltr'><strong>quamvis</strong></span> <span class='ocrx_word' id='word_1_150' title='bbox 974 872 1186 905; x_wconf 79' lang='lat' dir='ltr'><strong>confiteantur</strong></span> <span class='ocrx_word' id='word_1_151' title='bbox 1213 886 1279 906; x_wconf 88' lang='lat' dir='ltr'><strong>nou</strong></span> <span class='ocrx_word' id='word_1_152' title='bbox 1294 876 1374 906; x_wconf 86' lang='lat' dir='ltr'><strong>nihil</strong></span> 
     </span>
     <span class='ocr_line' id='line_1_31' title="bbox 803 918 1376 960; baseline 0.01 -13"><span class='ocrx_word' id='word_1_153' title='bbox 803 919 838 947; x_wconf 89' lang='lat' dir='ltr'><strong>in</strong></span> <span class='ocrx_word' id='word_1_154' title='bbox 870 918 934 949; x_wconf 87' lang='lat' dir='ltr'><strong>hoc</strong></span> <span class='ocrx_word' id='word_1_155' title='bbox 958 919 1129 960; x_wconf 83' lang='lat' dir='ltr'><strong>eloquendi</strong></span> <span class='ocrx_word' id='word_1_156' title='bbox 1150 920 1246 952; x_wconf 85' lang='lat' dir='ltr'>modo</span> <span class='ocrx_word' id='word_1_157' title='bbox 1275 922 1376 954; x_wconf 81' lang='lat' dir='ltr'><strong>inesse</strong></span> 
     </span>
     <span class='ocr_line' id='line_1_32' title="bbox 804 964 1373 999; baseline 0.011 -6"><span class='ocrx_word' id='word_1_158' title='bbox 804 964 877 994; x_wconf 92' lang='lat' dir='ltr'>duri</span> <span class='ocrx_word' id='word_1_159' title='bbox 889 971 920 995; x_wconf 83' lang='lat' dir='ltr'><strong>et</strong></span> <span class='ocrx_word' id='word_1_160' title='bbox 934 965 1064 997; x_wconf 80' lang='lat' dir='ltr'><strong>insoliti.</strong></span> <span class='ocrx_word' id='word_1_161' title='bbox 1079 969 1194 998; x_wconf 82' lang='lat' dir='ltr'><strong>Sensus</strong></span> <span class='ocrx_word' id='word_1_162' title='bbox 1203 974 1307 998; x_wconf 77' lang='lat' dir='ltr'><strong>tamen</strong></span> <span class='ocrx_word' id='word_1_163' title='bbox 1315 969 1373 999; x_wconf 89' lang='lat' dir='ltr'><strong>ob-</strong></span> 
     </span>
     <span class='ocr_line' id='line_1_33' title="bbox 801 1011 1374 1055; baseline 0.01 -16"><span class='ocrx_word' id='word_1_164' title='bbox 801 1011 871 1040; x_wconf 80' lang='lat' dir='ltr'>vius</span> <span class='ocrx_word' id='word_1_165' title='bbox 898 1017 943 1040; x_wconf 73' lang='lat' dir='ltr'><strong>est</strong></span> <span class='ocrx_word' id='word_1_166' title='bbox 953 1034 962 1048; x_wconf 93' lang='lat'>,</span> <span class='ocrx_word' id='word_1_167' title='bbox 989 1018 1020 1042; x_wconf 84' lang='lat' dir='ltr'><strong>et</strong></span> <span class='ocrx_word' id='word_1_168' title='bbox 1046 1012 1063 1042; x_wconf 80' lang='grc' dir='ltr'><em>ὲ</em></span> <span class='ocrx_word' id='word_1_169' title='bbox 1090 1012 1174 1043; x_wconf 57' lang='lat' dir='ltr'><strong>recti</strong></span> <span class='ocrx_word' id='word_1_170' title='bbox 1188 1014 1374 1055; x_wconf 84' lang='lat' dir='ltr'><strong>interpunc-</strong></span> 
     </span>
     <span class='ocr_line' id='line_1_34' title="bbox 802 1056 1370 1100; baseline 0.009 -14"><span class='ocrx_word' id='word_1_171' title='bbox 802 1057 888 1087; x_wconf 83' lang='lat' dir='ltr'><strong>tione</strong></span> <span class='ocrx_word' id='word_1_172' title='bbox 901 1056 1023 1088; x_wconf 88' lang='lat' dir='ltr'><strong>dessuit.</strong></span> <span class='ocrx_word' id='word_1_173' title='bbox 1042 1058 1145 1098; x_wconf 82' lang='lat' dir='ltr'><strong>Salve,</strong></span> <span class='ocrx_word' id='word_1_174' title='bbox 1157 1060 1262 1100; x_wconf 83' lang='lat' dir='ltr'><strong>inquit</strong></span> <span class='ocrx_word' id='word_1_175' title='bbox 1274 1067 1370 1098; x_wconf 75' lang='lat' dir='ltr'><strong>vates,</strong></span> 
     </span>
     <span class='ocr_line' id='line_1_35' title="bbox 804 1100 1376 1145; baseline 0.007 -13"><span class='ocrx_word' id='word_1_176' title='bbox 804 1100 825 1131; x_wconf 79' lang='grc' dir='ltr'><em>ὅ</em></span> <span class='ocrx_word' id='word_1_177' title='bbox 838 1110 870 1133; x_wconf 82' lang='lat' dir='ltr'><strong>tu</strong></span> <span class='ocrx_word' id='word_1_178' title='bbox 885 1103 1006 1133; x_wconf 82' lang='lat' dir='ltr'><strong>testudo</strong></span> <span class='ocrx_word' id='word_1_179' title='bbox 1016 1127 1026 1140; x_wconf 86' lang='lat'>,</span> <span class='ocrx_word' id='word_1_180' title='bbox 1049 1115 1120 1145; x_wconf 78' lang='lat' dir='ltr'><strong>quae</strong></span> <span class='ocrx_word' id='word_1_181' title='bbox 1145 1116 1178 1135; x_wconf 82' lang='lat' dir='ltr'><strong>es</strong></span> <span class='ocrx_word' id='word_1_182' title='bbox 1191 1105 1282 1136; x_wconf 84' lang='lat' dir='ltr'><em>dulce</em></span> <span class='ocrx_word' id='word_1_183' title='bbox 1298 1105 1376 1142; x_wconf 78' lang='lat' dir='ltr'><strong>leni-</strong></span> 
     </span>
     <span class='ocr_line' id='line_1_36' title="bbox 802 1149 1373 1193; baseline 0.011 -16"><span class='ocrx_word' id='word_1_184' title='bbox 802 1159 874 1178; x_wconf 81' lang='lat' dir='ltr'><strong>men</strong></span> <span class='ocrx_word' id='word_1_185' title='bbox 899 1149 1039 1180; x_wconf 82' lang='lat' dir='ltr'><strong>laborum</strong></span> <span class='ocrx_word' id='word_1_186' title='bbox 1058 1149 1149 1187; x_wconf 77' lang='lat' dir='ltr'><em>mihi,</em></span> <span class='ocrx_word' id='word_1_187' title='bbox 1169 1158 1200 1181; x_wconf 80' lang='lat' dir='ltr'><strong>ee</strong></span> <span class='ocrx_word' id='word_1_188' title='bbox 1228 1153 1373 1193; x_wconf 76' lang='lat' dir='ltr'><strong>quando—</strong></span> 
     </span>
     <span class='ocr_line' id='line_1_37' title="bbox 800 1195 1373 1239; baseline 0.01 -15"><span class='ocrx_word' id='word_1_189' title='bbox 800 1205 924 1236; x_wconf 81' lang='lat' dir='ltr'><strong>cunque</strong></span> <span class='ocrx_word' id='word_1_190' title='bbox 939 1195 998 1226; x_wconf 76' lang='grc' dir='ltr'><strong>νίῑὲ.</strong></span> <span class='ocrx_word' id='word_1_191' title='bbox 1011 1197 1145 1227; x_wconf 80' lang='lat' dir='ltr'><strong>vocanti</strong></span> <span class='ocrx_word' id='word_1_192' title='bbox 1150 1208 1164 1234; x_wconf 88' lang='lat'><em>;</em></span> <span class='ocrx_word' id='word_1_193' title='bbox 1176 1197 1210 1228; x_wconf 83' lang='lat' dir='ltr'><strong>id</strong></span> <span class='ocrx_word' id='word_1_194' title='bbox 1225 1204 1271 1229; x_wconf 79' lang='lat' dir='ltr'><strong>est</strong></span> <span class='ocrx_word' id='word_1_195' title='bbox 1280 1221 1288 1236; x_wconf 91' lang='lat'>,</span> <span class='ocrx_word' id='word_1_196' title='bbox 1302 1209 1373 1239; x_wconf 88' lang='lat' dir='ltr'><strong>quae</strong></span> 
     </span>
     <span class='ocr_line' id='line_1_38' title="bbox 800 1241 1372 1284; baseline 0.009 -14"><span class='ocrx_word' id='word_1_197' title='bbox 800 1241 964 1283; x_wconf 60' lang='lat' dir='ltr'><strong>nunqufiun</strong></span> <span class='ocrx_word' id='word_1_198' title='bbox 974 1242 1052 1272; x_wconf 87' lang='lat' dir='ltr'><strong>mihi</strong></span> <span class='ocrx_word' id='word_1_199' title='bbox 1067 1242 1153 1281; x_wconf 79' lang='lat' dir='ltr'><strong>dees,</strong></span> <span class='ocrx_word' id='word_1_200' title='bbox 1165 1243 1372 1284; x_wconf 82' lang='lat' dir='ltr'><strong>quandocun-</strong></span> 
     </span>
     <span class='ocr_line' id='line_1_39' title="bbox 799 1289 1370 1330; baseline 0.009 -14"><span class='ocrx_word' id='word_1_201' title='bbox 799 1297 861 1327; x_wconf 87' lang='lat' dir='ltr'><strong>que</strong></span> <span class='ocrx_word' id='word_1_202' title='bbox 871 1310 879 1325; x_wconf 89' lang='lat'>‚</span> <span class='ocrx_word' id='word_1_203' title='bbox 897 1289 981 1318; x_wconf 85' lang='lat' dir='ltr'>curis</span> <span class='ocrx_word' id='word_1_204' title='bbox 996 1295 1140 1330; x_wconf 83' lang='lat' dir='ltr'>gravatus</span> <span class='ocrx_word' id='word_1_205' title='bbox 1154 1295 1184 1319; x_wconf 85' lang='lat' dir='ltr'><strong>et</strong></span> <span class='ocrx_word' id='word_1_206' title='bbox 1195 1289 1370 1329; x_wconf 85' lang='lat' dir='ltr'>laboribus,</span> 
     </span>
     <span class='ocr_line' id='line_1_40' title="bbox 800 1334 1371 1376; baseline 0.007 -13"><span class='ocrx_word' id='word_1_207' title='bbox 800 1340 828 1363; x_wconf 78' lang='lat' dir='ltr'><strong>te</strong></span> <span class='ocrx_word' id='word_1_208' title='bbox 845 1334 922 1371; x_wconf 69' lang='lat' dir='ltr'>rite,</span> <span class='ocrx_word' id='word_1_209' title='bbox 939 1334 1110 1376; x_wconf 70' lang='lat' dir='ltr'><strong>relligiose‚</strong></span> <span class='ocrx_word' id='word_1_210' title='bbox 1123 1334 1160 1365; x_wconf 77' lang='lat' dir='ltr'><strong>ad</strong></span> <span class='ocrx_word' id='word_1_211' title='bbox 1178 1336 1324 1367; x_wconf 83' lang='lat' dir='ltr'>solatium</span> <span class='ocrx_word' id='word_1_212' title='bbox 1340 1344 1371 1367; x_wconf 85' lang='lat' dir='ltr'><strong>et</strong></span> 
     </span>
     <span class='ocr_line' id='line_1_41' title="bbox 796 1380 1367 1424; baseline 0.009 -15"><span class='ocrx_word' id='word_1_213' title='bbox 796 1380 890 1410; x_wconf 83' lang='lat' dir='ltr'><strong>animi</strong></span> <span class='ocrx_word' id='word_1_214' title='bbox 905 1381 977 1423; x_wconf 82' lang='lat' dir='ltr'>aegri</span> <span class='ocrx_word' id='word_1_215' title='bbox 991 1381 1204 1412; x_wconf 76' lang='lat' dir='ltr'><strong>levamentum</strong></span> <span class='ocrx_word' id='word_1_216' title='bbox 1221 1383 1367 1424; x_wconf 72' lang='lat' dir='ltr'>imploro,</span> 
     </span>
    </p>
   </div>
   <div class='ocr_carea' id='block_1_10' title="bbox 1422 0 1456 26">
    <p class='ocr_par' dir='ltr' id='par_1_11' title="bbox 1422 0 1456 26">
     <span class='ocr_line' id='line_1_42' title="bbox 1422 0 1456 26; baseline 0 -3"><span class='ocrx_word' id='word_1_217' title='bbox 1422 0 1456 26; x_wconf 57' lang='grc' dir='ltr'>Ἦ</span> 
     </span>
    </p>
   </div>
  </div>
 </body>
</html>
