<?xml version="1.0" encoding="UTF-8"?>
<!DOCTYPE html PUBLIC "-//W3C//DTD XHTML 1.0 Transitional//EN"
    "http://www.w3.org/TR/xhtml1/DTD/xhtml1-transitional.dtd">
<html xmlns="http://www.w3.org/1999/xhtml" xml:lang="en" lang="en">
 <head>
  <title>
</title>
<meta http-equiv="Content-Type" content="text/html;charset=utf-8" />
  <meta name='ocr-system' content='tesseract 3.04.00' />
  <meta name='ocr-capabilities' content='ocr_page ocr_carea ocr_par ocr_line ocrx_word'/>
</head>
<body>
  <div class='ocr_page' id='page_1' title='image "./quintushoratiusf01horauoft_0151.png"; bbox 0 0 1456 2508; ppageno 0'>
   <div class='ocr_carea' id='block_1_1' title="bbox 479 175 864 213">
    <p class='ocr_par' dir='ltr' id='par_1_1' title="bbox 479 175 864 213">
     <span class='ocr_line' id='line_1_1' title="bbox 479 175 864 213; baseline -0.016 0"><span class='ocrx_word' id='word_1_1' title='bbox 479 180 558 213; x_wconf 76' lang='lat' dir='ltr'><strong>m.</strong></span> <span class='ocrx_word' id='word_1_2' title='bbox 582 180 599 210; x_wconf 87' lang='lat'>1</span> <span class='ocrx_word' id='word_1_3' title='bbox 623 175 712 213; x_wconf 72' lang='lat' dir='ltr'><strong>om:</strong></span> <span class='ocrx_word' id='word_1_4' title='bbox 732 178 864 212; x_wconf 74' lang='lat' dir='ltr'><strong>xxlx.</strong></span> 
     </span>
    </p>
   </div>
   <div class='ocr_carea' id='block_1_2' title="bbox 64 314 616 331">
    <p class='ocr_par' dir='ltr' id='par_1_2' title="bbox 64 314 616 331">
     <span class='ocr_line' id='line_1_2' title="bbox 64 314 616 331; baseline -0.007 0"><span class='ocrx_word' id='word_1_5' title='bbox 64 314 616 331; x_wconf 47' lang='lat' dir='ltr'><strong>msmflmmm</strong></span> 
     </span>
    </p>
   </div>
   <div class='ocr_carea' id='block_1_3' title="bbox 614 310 800 326">
    <p class='ocr_par' dir='ltr' id='par_1_3' title="bbox 614 310 800 326">
     <span class='ocr_line' id='line_1_3' title="bbox 614 310 800 326; baseline 0 2182"><span class='ocrx_word' id='word_1_6' title='bbox 614 310 800 326; x_wconf 95' lang='lat' dir='ltr'><strong> </strong></span> 
     </span>
    </p>
   </div>
   <div class='ocr_carea' id='block_1_4' title="bbox 1209 183 1272 212">
    <p class='ocr_par' dir='ltr' id='par_1_4' title="bbox 1209 183 1272 212">
     <span class='ocr_line' id='line_1_4' title="bbox 1209 183 1272 212; baseline 0 -9"><span class='ocrx_word' id='word_1_7' title='bbox 1209 183 1272 212; x_wconf 83' lang='lat'><strong>117</strong></span> 
     </span>
    </p>
   </div>
   <div class='ocr_carea' id='block_1_5' title="bbox 802 305 1271 323">
    <p class='ocr_par' dir='ltr' id='par_1_5' title="bbox 802 305 1271 323">
     <span class='ocr_line' id='line_1_5' title="bbox 802 305 1271 323; baseline -0.013 0"><span class='ocrx_word' id='word_1_8' title='bbox 802 307 919 323; x_wconf 57' lang='lat' dir='ltr'><strong>mm</strong></span> <span class='ocrx_word' id='word_1_9' title='bbox 925 305 1271 321; x_wconf 55' lang='lat' dir='ltr'><strong>mmmm</strong></span> 
     </span>
    </p>
   </div>
   <div class='ocr_carea' id='block_1_6' title="bbox 254 438 1094 540">
    <p class='ocr_par' dir='ltr' id='par_1_6' title="bbox 254 438 1094 540">
     <span class='ocr_line' id='line_1_6' title="bbox 254 438 1094 540; baseline -0.011 -1"><span class='ocrx_word' id='word_1_10' title='bbox 254 482 407 539; x_wconf 82' lang='lat' dir='ltr'><strong>ODE</strong></span> <span class='ocrx_word' id='word_1_11' title='bbox 449 438 834 540; x_wconf 60' lang='lat' dir='ltr'><strong>VIGESIMA</strong></span> <span class='ocrx_word' id='word_1_12' title='bbox 875 472 1094 533; x_wconf 83' lang='lat' dir='ltr'><strong>NONA</strong></span> 
     </span>
    </p>
   </div>
   <div class='ocr_carea' id='block_1_7' title="bbox 461 643 878 690">
    <p class='ocr_par' dir='ltr' id='par_1_7' title="bbox 461 643 878 690">
     <span class='ocr_line' id='line_1_7' title="bbox 461 643 878 690; baseline -0.005 -2"><span class='ocrx_word' id='word_1_13' title='bbox 461 645 555 689; x_wconf 87' lang='lat' dir='ltr'><strong>AD</strong></span> <span class='ocrx_word' id='word_1_14' title='bbox 598 643 878 690; x_wconf 89' lang='lat' dir='ltr'>ICCIUM.</span> 
     </span>
    </p>
   </div>
   <div class='ocr_carea' id='block_1_8' title="bbox 66 778 1283 883">
    <p class='ocr_par' dir='ltr' id='par_1_8' title="bbox 66 778 1283 883">
     <span class='ocr_line' id='line_1_8' title="bbox 66 778 1282 827; baseline -0.006 -11"><span class='ocrx_word' id='word_1_15' title='bbox 66 784 199 816; x_wconf 57' lang='lat' dir='ltr'><strong>Leniter</strong></span> <span class='ocrx_word' id='word_1_16' title='bbox 206 785 350 827; x_wconf 79' lang='lat' dir='ltr'><em>increpat</em></span> <span class='ocrx_word' id='word_1_17' title='bbox 362 784 516 816; x_wconf 79' lang='lat' dir='ltr'><strong>Horatius</strong></span> <span class='ocrx_word' id='word_1_18' title='bbox 526 784 677 827; x_wconf 75' lang='lat' dir='ltr'><strong>juvenem</strong></span> <span class='ocrx_word' id='word_1_19' title='bbox 691 783 866 826; x_wconf 80' lang='lat' dir='ltr'><em>quemdam</em></span> <span class='ocrx_word' id='word_1_20' title='bbox 876 806 886 821; x_wconf 92' lang='lat'><strong><em>,</em></strong></span> <span class='ocrx_word' id='word_1_21' title='bbox 902 781 963 813; x_wconf 79' lang='lat' dir='ltr'><strong>sibi</strong></span> <span class='ocrx_word' id='word_1_22' title='bbox 976 780 1133 817; x_wconf 78' lang='lat' dir='ltr'><strong>amicum,</strong></span> <span class='ocrx_word' id='word_1_23' title='bbox 1149 778 1208 822; x_wconf 78' lang='lat' dir='ltr'><strong>qui</strong></span> <span class='ocrx_word' id='word_1_24' title='bbox 1221 786 1282 810; x_wconf 82' lang='lat' dir='ltr'><strong>stu-</strong></span> 
     </span>
     <span class='ocr_line' id='line_1_9' title="bbox 110 833 1283 883; baseline -0.006 -11"><span class='ocrx_word' id='word_1_25' title='bbox 110 841 235 874; x_wconf 84' lang='lat' dir='ltr'><em>diorum</em></span> <span class='ocrx_word' id='word_1_26' title='bbox 243 840 536 883; x_wconf 77' lang='lat' dir='ltr'><strong>philosophe&#39;corum</strong></span> <span class='ocrx_word' id='word_1_27' title='bbox 554 841 709 878; x_wconf 82' lang='lat' dir='ltr'><em>desertor,</em></span> <span class='ocrx_word' id='word_1_28' title='bbox 731 839 780 870; x_wconf 83' lang='lat' dir='ltr'><strong>ad</strong></span> <span class='ocrx_word' id='word_1_29' title='bbox 787 838 939 871; x_wconf 80' lang='lat' dir='ltr'><strong>militiam</strong></span> <span class='ocrx_word' id='word_1_30' title='bbox 954 848 988 869; x_wconf 80' lang='lat' dir='ltr'><strong>se</strong></span> <span class='ocrx_word' id='word_1_31' title='bbox 1001 836 1192 873; x_wconf 79' lang='lat' dir='ltr'><strong>contulerat,</strong></span> <span class='ocrx_word' id='word_1_32' title='bbox 1205 833 1283 866; x_wconf 79' lang='lat' dir='ltr'><strong>divi-</strong></span> 
     </span>
    </p>
   </div>
   <div class='ocr_carea' id='block_1_9' title="bbox 111 895 573 939">
    <p class='ocr_par' dir='ltr' id='par_1_9' title="bbox 111 895 573 939">
     <span class='ocr_line' id='line_1_10' title="bbox 111 895 573 939; baseline 0 -11"><span class='ocrx_word' id='word_1_33' title='bbox 111 897 230 928; x_wconf 80' lang='lat' dir='ltr'><strong>eiamm</strong></span> <span class='ocrx_word' id='word_1_34' title='bbox 245 896 421 939; x_wconf 81' lang='lat' dir='ltr'><strong>cupiditate</strong></span> <span class='ocrx_word' id='word_1_35' title='bbox 438 895 573 928; x_wconf 82' lang='lat' dir='ltr'><strong>illectus.</strong></span> 
     </span>
    </p>
   </div>
   <div class='ocr_carea' id='block_1_10' title="bbox 144 1005 1286 1366">
    <p class='ocr_par' dir='ltr' id='par_1_10' title="bbox 144 1005 1286 1366">
     <span class='ocr_line' id='line_1_11' title="bbox 169 1005 892 1055; baseline -0.004 -10"><span class='ocrx_word' id='word_1_36' title='bbox 169 1009 253 1046; x_wconf 80' lang='lat' dir='ltr'><strong>Icm</strong></span> <span class='ocrx_word' id='word_1_37' title='bbox 263 1035 275 1055; x_wconf 92' lang='lat'>,</span> <span class='ocrx_word' id='word_1_38' title='bbox 288 1006 412 1045; x_wconf 84' lang='lat' dir='ltr'><strong>beatis</strong></span> <span class='ocrx_word' id='word_1_39' title='bbox 429 1011 533 1044; x_wconf 73' lang='lat' dir='ltr'><strong>m&#39;mc</strong></span> <span class='ocrx_word' id='word_1_40' title='bbox 549 1005 724 1044; x_wconf 81' lang='lat' dir='ltr'>Arabum</span> <span class='ocrx_word' id='word_1_41' title='bbox 742 1005 892 1043; x_wconf 88' lang='lat' dir='ltr'><strong>invides</strong></span> 
     </span>
     <span class='ocr_line' id='line_1_12' title="bbox 171 1068 900 1118; baseline -0.004 -11"><span class='ocrx_word' id='word_1_42' title='bbox 171 1068 288 1108; x_wconf 86' lang='lat' dir='ltr'><strong>Gazis</strong></span> <span class='ocrx_word' id='word_1_43' title='bbox 308 1077 333 1116; x_wconf 88' lang='lat'><strong>¹,</strong></span> <span class='ocrx_word' id='word_1_44' title='bbox 353 1077 391 1107; x_wconf 87' lang='lat' dir='ltr'><strong>et</strong></span> <span class='ocrx_word' id='word_1_45' title='bbox 411 1081 539 1107; x_wconf 88' lang='lat' dir='ltr'><strong>acrem</strong></span> <span class='ocrx_word' id='word_1_46' title='bbox 558 1068 734 1106; x_wconf 85' lang='lat' dir='ltr'><strong>militiam</strong></span> <span class='ocrx_word' id='word_1_47' title='bbox 749 1080 863 1118; x_wconf 84' lang='lat' dir='ltr'><strong>paras</strong></span> <span class='ocrx_word' id='word_1_48' title='bbox 893 1083 900 1090; x_wconf 91' lang='lat'><strong>·</strong></span> 
     </span>
     <span class='ocr_line' id='line_1_13' title="bbox 222 1128 746 1171; baseline -0.006 -2"><span class='ocrx_word' id='word_1_49' title='bbox 222 1132 313 1169; x_wconf 87' lang='lat' dir='ltr'><strong>Non</strong></span> <span class='ocrx_word' id='word_1_50' title='bbox 327 1131 415 1169; x_wconf 72' lang='lat' dir='ltr'><strong>ante</strong></span> <span class='ocrx_word' id='word_1_51' title='bbox 430 1130 592 1171; x_wconf 73' lang='lat' dir='ltr'><strong>devictis</strong></span> <span class='ocrx_word' id='word_1_52' title='bbox 611 1128 746 1168; x_wconf 83' lang='lat' dir='ltr'><strong>Sabeae</strong></span> 
     </span>
     <span class='ocr_line' id='line_1_14' title="bbox 278 1188 916 1242; baseline -0.005 -13"><span class='ocrx_word' id='word_1_53' title='bbox 278 1190 452 1242; x_wconf 82' lang='lat' dir='ltr'><strong>Regibus</strong></span> <span class='ocrx_word' id='word_1_54' title='bbox 471 1201 500 1238; x_wconf 74' lang='lat'><strong>²³,</strong></span> <span class='ocrx_word' id='word_1_55' title='bbox 518 1189 778 1240; x_wconf 84' lang='lat' dir='ltr'><strong>horribilique</strong></span> <span class='ocrx_word' id='word_1_56' title='bbox 798 1188 916 1227; x_wconf 88' lang='lat' dir='ltr'><strong>Medo</strong></span> 
     </span>
     <span class='ocr_line' id='line_1_15' title="bbox 144 1250 1286 1301; baseline -0.008 -10"><span class='ocrx_word' id='word_1_57' title='bbox 144 1252 276 1291; x_wconf 83' lang='lat' dir='ltr'><strong>Nectis</strong></span> <span class='ocrx_word' id='word_1_58' title='bbox 295 1260 460 1291; x_wconf 86' lang='lat' dir='ltr'><strong>catenas.</strong></span> <span class='ocrx_word' id='word_1_59' title='bbox 483 1256 580 1300; x_wconf 82' lang='lat' dir='ltr'><strong>Quae</strong></span> <span class='ocrx_word' id='word_1_60' title='bbox 599 1251 672 1290; x_wconf 83' lang='lat' dir='ltr'><strong>tibi</strong></span> <span class='ocrx_word' id='word_1_61' title='bbox 686 1250 881 1301; x_wconf 82' lang='lat' dir='ltr'><strong>virginum</strong></span> <span class='ocrx_word' id='word_1_62' title='bbox 1272 1258 1286 1282; x_wconf 83' lang='lat'><strong>⁵</strong></span> 
     </span>
     <span class='ocr_line' id='line_1_16' title="bbox 144 1311 816 1366; baseline -0.004 -14"><span class='ocrx_word' id='word_1_63' title='bbox 144 1316 295 1366; x_wconf 86' lang='lat' dir='ltr'><strong>Sponso</strong></span> <span class='ocrx_word' id='word_1_64' title='bbox 310 1323 446 1353; x_wconf 89' lang='lat' dir='ltr'><strong>necato</strong></span> <span class='ocrx_word' id='word_1_65' title='bbox 465 1313 634 1354; x_wconf 82' lang='lat' dir='ltr'><strong>barbara</strong></span> <span class='ocrx_word' id='word_1_66' title='bbox 649 1311 816 1352; x_wconf 82' lang='lat' dir='ltr'><strong>serviet?</strong></span> 
     </span>
    </p>
   </div>
   <div class='ocr_carea' id='block_1_11' title="bbox 63 1430 649 2371">
    <p class='ocr_par' dir='ltr' id='par_1_11' title="bbox 63 1430 649 2371">
     <span class='ocr_line' id='line_1_17' title="bbox 114 1430 648 1474; baseline -0.002 -12"><span class='ocrx_word' id='word_1_67' title='bbox 114 1442 146 1463; x_wconf 87' lang='lat'><strong>1.</strong></span> <span class='ocrx_word' id='word_1_68' title='bbox 161 1431 273 1462; x_wconf 68' lang='lat' dir='ltr'><strong>Beati-t</strong></span> <span class='ocrx_word' id='word_1_69' title='bbox 287 1430 434 1462; x_wconf 86' lang='lat' dir='ltr'><em>Arabum</em></span> <span class='ocrx_word' id='word_1_70' title='bbox 450 1431 546 1474; x_wconf 77' lang='lat' dir='ltr'><strong>gazis</strong></span> <span class='ocrx_word' id='word_1_71' title='bbox 558 1442 570 1461; x_wconf 89' lang='lat'><strong>.·</strong></span> <span class='ocrx_word' id='word_1_72' title='bbox 586 1432 648 1462; x_wconf 89' lang='lat' dir='ltr'><strong>Ga-</strong></span> 
     </span>
     <span class='ocr_line' id='line_1_18' title="bbox 65 1478 647 1519; baseline -0.002 -9"><span class='ocrx_word' id='word_1_73' title='bbox 65 1489 101 1510; x_wconf 80' lang='lat' dir='ltr'><strong>za</strong></span> <span class='ocrx_word' id='word_1_74' title='bbox 125 1488 192 1510; x_wconf 85' lang='lat' dir='ltr'><strong>vox</strong></span> <span class='ocrx_word' id='word_1_75' title='bbox 219 1485 267 1510; x_wconf 78' lang='lat' dir='ltr'><strong>est</strong></span> <span class='ocrx_word' id='word_1_76' title='bbox 292 1479 435 1519; x_wconf 80' lang='lat' dir='ltr'><strong>persica,</strong></span> <span class='ocrx_word' id='word_1_77' title='bbox 459 1478 647 1509; x_wconf 59' lang='lat' dir='ltr'><strong>&amp;tesaurum</strong></span> 
     </span>
     <span class='ocr_line' id='line_1_19' title="bbox 63 1524 649 1569; baseline -0.002 -12"><span class='ocrx_word' id='word_1_78' title='bbox 63 1524 268 1569; x_wconf 70' lang='lat' dir='ltr'><strong>significans,</strong></span> <span class='ocrx_word' id='word_1_79' title='bbox 284 1526 416 1567; x_wconf 67' lang='lat' dir='ltr'><strong>proprie</strong></span> <span class='ocrx_word' id='word_1_80' title='bbox 431 1527 596 1568; x_wconf 84' lang='lat' dir='ltr'><strong>ingentem</strong></span> <span class='ocrx_word' id='word_1_81' title='bbox 616 1532 649 1556; x_wconf 89' lang='lat' dir='ltr'><strong>et</strong></span> 
     </span>
     <span class='ocr_line' id='line_1_20' title="bbox 64 1572 646 1616; baseline -0.003 -11"><span class='ocrx_word' id='word_1_82' title='bbox 64 1574 200 1616; x_wconf 80' lang='lat' dir='ltr'><strong>regium.</strong></span> <span class='ocrx_word' id='word_1_83' title='bbox 217 1575 340 1604; x_wconf 76' lang='lat' dir='ltr'><strong>Beatus</strong></span> <span class='ocrx_word' id='word_1_84' title='bbox 353 1573 493 1614; x_wconf 71' lang='lat' dir='ltr'><strong>appellat</strong></span> <span class='ocrx_word' id='word_1_85' title='bbox 502 1572 629 1603; x_wconf 81' lang='lat' dir='ltr'><strong>divitias</strong></span> <span class='ocrx_word' id='word_1_86' title='bbox 637 1596 646 1611; x_wconf 90' lang='lat'><strong>,</strong></span> 
     </span>
     <span class='ocr_line' id='line_1_21' title="bbox 63 1619 648 1663; baseline -0.005 -11"><span class='ocrx_word' id='word_1_87' title='bbox 63 1631 157 1663; x_wconf 73' lang='lat' dir='ltr'><strong>quae,</strong></span> <span class='ocrx_word' id='word_1_88' title='bbox 174 1619 299 1662; x_wconf 80' lang='lat' dir='ltr'><strong>vulgari</strong></span> <span class='ocrx_word' id='word_1_89' title='bbox 316 1619 447 1662; x_wconf 81' lang='lat' dir='ltr'><strong>quidem</strong></span> <span class='ocrx_word' id='word_1_90' title='bbox 470 1627 502 1652; x_wconf 82' lang='lat' dir='ltr'><strong>et</strong></span> <span class='ocrx_word' id='word_1_91' title='bbox 522 1620 648 1650; x_wconf 81' lang='lat' dir='ltr'><strong>falsissi-</strong></span> 
     </span>
     <span class='ocr_line' id='line_1_22' title="bbox 63 1666 648 1709; baseline 0.002 -11"><span class='ocrx_word' id='word_1_92' title='bbox 63 1666 116 1698; x_wconf 58' lang='lat' dir='ltr'><strong>mfn</strong></span> <span class='ocrx_word' id='word_1_93' title='bbox 139 1667 313 1709; x_wconf 83' lang='lat' dir='ltr'><strong>opinione,</strong></span> <span class='ocrx_word' id='word_1_94' title='bbox 338 1667 521 1699; x_wconf 70' lang='lat' dir='ltr'><strong>felicitatem</strong></span> <span class='ocrx_word' id='word_1_95' title='bbox 547 1668 648 1708; x_wconf 84' lang='lat' dir='ltr'><strong>possi-</strong></span> 
     </span>
     <span class='ocr_line' id='line_1_23' title="bbox 64 1713 648 1746; baseline -0.003 -1"><span class='ocrx_word' id='word_1_96' title='bbox 64 1713 217 1746; x_wconf 81' lang='lat' dir='ltr'><strong>dentibus</strong></span> <span class='ocrx_word' id='word_1_97' title='bbox 242 1713 394 1746; x_wconf 82' lang='lat' dir='ltr'><strong>afferum.</strong></span> <span class='ocrx_word' id='word_1_98' title='bbox 410 1732 457 1738; x_wconf 94' lang='lat'>—</span> <span class='ocrx_word' id='word_1_99' title='bbox 472 1714 617 1745; x_wconf 86' lang='lat' dir='ltr'><em>Arabum</em></span> <span class='ocrx_word' id='word_1_100' title='bbox 636 1726 648 1744; x_wconf 85' lang='lat'><strong>.-</strong></span> 
     </span>
     <span class='ocr_line' id='line_1_24' title="bbox 63 1761 646 1803; baseline -0.002 -11"><span class='ocrx_word' id='word_1_101' title='bbox 63 1761 152 1792; x_wconf 74' lang='lat' dir='ltr'><strong>illnm</strong></span> <span class='ocrx_word' id='word_1_102' title='bbox 175 1761 304 1792; x_wconf 76' lang='lat' dir='ltr'><strong>Arabiae</strong></span> <span class='ocrx_word' id='word_1_103' title='bbox 328 1768 452 1803; x_wconf 81' lang='lat' dir='ltr'><strong>partem</strong></span> <span class='ocrx_word' id='word_1_104' title='bbox 476 1761 646 1803; x_wconf 83' lang='lat' dir='ltr'><strong>intelligit,</strong></span> 
     </span>
     <span class='ocr_line' id='line_1_25' title="bbox 65 1807 648 1850; baseline 0 -11"><span class='ocrx_word' id='word_1_105' title='bbox 65 1818 140 1850; x_wconf 77' lang='lat' dir='ltr'><strong>quae</strong></span> <span class='ocrx_word' id='word_1_106' title='bbox 156 1807 175 1838; x_wconf 71' lang='grc' dir='ltr'>ὲ</span> <span class='ocrx_word' id='word_1_107' title='bbox 196 1808 389 1839; x_wconf 78' lang='lat' dir='ltr'><strong>feracissimo</strong></span> <span class='ocrx_word' id='word_1_108' title='bbox 415 1808 503 1846; x_wconf 89' lang='lat' dir='ltr'><strong>solo,</strong></span> <span class='ocrx_word' id='word_1_109' title='bbox 518 1808 648 1850; x_wconf 84' lang='lat' dir='ltr'><strong>frugum</strong></span> 
     </span>
     <span class='ocr_line' id='line_1_26' title="bbox 66 1854 645 1897; baseline -0.002 -11"><span class='ocrx_word' id='word_1_110' title='bbox 66 1861 99 1886; x_wconf 84' lang='lat' dir='ltr'><strong>et</strong></span> <span class='ocrx_word' id='word_1_111' title='bbox 113 1854 276 1897; x_wconf 61' lang='lat' dir='ltr'><strong>praecipu&amp;</strong></span> <span class='ocrx_word' id='word_1_112' title='bbox 289 1862 466 1886; x_wconf 83' lang='lat' dir='ltr'><strong>aromatum</strong></span> <span class='ocrx_word' id='word_1_113' title='bbox 478 1855 645 1895; x_wconf 85' lang='lat' dir='ltr'><strong>ditissimo,</strong></span> 
     </span>
     <span class='ocr_line' id='line_1_27' title="bbox 66 1901 648 1944; baseline 0.002 -12"><span class='ocrx_word' id='word_1_114' title='bbox 66 1901 187 1933; x_wconf 82' lang='lat' dir='ltr'><strong>Arabia</strong></span> <span class='ocrx_word' id='word_1_115' title='bbox 214 1901 304 1932; x_wconf 83' lang='lat' dir='ltr'>Felix</span> <span class='ocrx_word' id='word_1_116' title='bbox 326 1909 515 1944; x_wconf 85' lang='lat' dir='ltr'><strong>nuncupata</strong></span> <span class='ocrx_word' id='word_1_117' title='bbox 533 1909 590 1934; x_wconf 85' lang='lat' dir='ltr'><strong>est.</strong></span> <span class='ocrx_word' id='word_1_118' title='bbox 602 1921 648 1926; x_wconf 87' lang='lat'><strong>-—</strong></span> 
     </span>
     <span class='ocr_line' id='line_1_28' title="bbox 66 1948 646 1991; baseline 0 -11"><span class='ocrx_word' id='word_1_119' title='bbox 66 1949 164 1980; x_wconf 68' lang='lat' dir='ltr'><strong>Nunc</strong></span> <span class='ocrx_word' id='word_1_120' title='bbox 178 1959 190 1978; x_wconf 88' lang='lat'><em>:</em></span> <span class='ocrx_word' id='word_1_121' title='bbox 205 1948 326 1979; x_wconf 71' lang='lat' dir='ltr'><strong>indicat</strong></span> <span class='ocrx_word' id='word_1_122' title='bbox 350 1948 385 1979; x_wconf 86' lang='lat'><strong>1⁰</strong></span> <span class='ocrx_word' id='word_1_123' title='bbox 402 1957 527 1990; x_wconf 80' lang='lat' dir='ltr'><strong>tempus</strong></span> <span class='ocrx_word' id='word_1_124' title='bbox 548 1961 646 1991; x_wconf 83' lang='lat' dir='ltr'><strong>expe-</strong></span> 
     </span>
     <span class='ocr_line' id='line_1_29' title="bbox 65 1994 649 2038; baseline 0.002 -12"><span class='ocrx_word' id='word_1_125' title='bbox 65 1994 198 2027; x_wconf 83' lang='lat' dir='ltr'><strong>ditionis</strong></span> <span class='ocrx_word' id='word_1_126' title='bbox 219 2006 316 2037; x_wconf 87' lang='lat' dir='ltr'><strong>quam</strong></span> <span class='ocrx_word' id='word_1_127' title='bbox 339 1998 506 2038; x_wconf 83' lang='lat' dir='ltr'><strong>Augustus</strong></span> <span class='ocrx_word' id='word_1_128' title='bbox 523 1998 649 2038; x_wconf 84' lang='lat' dir='ltr'><strong>paravit</strong></span> 
     </span>
     <span class='ocr_line' id='line_1_30' title="bbox 65 2042 646 2083; baseline 0.003 -10"><span class='ocrx_word' id='word_1_129' title='bbox 65 2044 102 2074; x_wconf 82' lang='lat' dir='ltr'><strong>in</strong></span> <span class='ocrx_word' id='word_1_130' title='bbox 124 2042 247 2074; x_wconf 75' lang='lat' dir='ltr'><strong>Arabas</strong></span> <span class='ocrx_word' id='word_1_131' title='bbox 266 2049 299 2073; x_wconf 86' lang='lat' dir='ltr'><strong>et</strong></span> <span class='ocrx_word' id='word_1_132' title='bbox 322 2043 473 2083; x_wconf 82' lang='lat' dir='ltr'><strong>Parthos,</strong></span> <span class='ocrx_word' id='word_1_133' title='bbox 496 2054 583 2074; x_wconf 86' lang='lat' dir='ltr'><strong>anno</strong></span> <span class='ocrx_word' id='word_1_134' title='bbox 604 2046 646 2075; x_wconf 93' lang='lat' dir='ltr'><strong>U.</strong></span> 
     </span>
     <span class='ocr_line' id='line_1_31' title="bbox 67 2090 648 2132; baseline 0 -10"><span class='ocrx_word' id='word_1_135' title='bbox 67 2090 103 2122; x_wconf 84' lang='lat' dir='ltr'><strong>C.</strong></span> <span class='ocrx_word' id='word_1_136' title='bbox 123 2090 188 2129; x_wconf 84' lang='lat'><strong>730</strong></span> <span class='ocrx_word' id='word_1_137' title='bbox 199 2113 208 2127; x_wconf 92' lang='lat'>,</span> <span class='ocrx_word' id='word_1_138' title='bbox 225 2091 278 2120; x_wconf 87' lang='lat' dir='ltr'><strong>cui</strong></span> <span class='ocrx_word' id='word_1_139' title='bbox 298 2100 372 2120; x_wconf 88' lang='lat' dir='ltr'><strong>cum</strong></span> <span class='ocrx_word' id='word_1_140' title='bbox 394 2092 537 2122; x_wconf 83' lang='lat' dir='ltr'><strong>exercitu</strong></span> <span class='ocrx_word' id='word_1_141' title='bbox 550 2102 648 2132; x_wconf 83' lang='lat' dir='ltr'><strong>praee-</strong></span> 
     </span>
     <span class='ocr_line' id='line_1_32' title="bbox 66 2135 647 2180; baseline 0.003 -13"><span class='ocrx_word' id='word_1_142' title='bbox 66 2143 116 2167; x_wconf 82' lang='lat' dir='ltr'><strong>rat</strong></span> <span class='ocrx_word' id='word_1_143' title='bbox 128 2137 243 2169; x_wconf 71' lang='lat' dir='ltr'><strong>OElius</strong></span> <span class='ocrx_word' id='word_1_144' title='bbox 252 2137 364 2167; x_wconf 90' lang='lat' dir='ltr'><strong>Gallus</strong></span> <span class='ocrx_word' id='word_1_145' title='bbox 373 2135 386 2179; x_wconf 93' lang='lat'>(</span> <span class='ocrx_word' id='word_1_146' title='bbox 395 2137 498 2177; x_wconf 73' lang='lat' dir='ltr'><strong>aliter,</strong></span> <span class='ocrx_word' id='word_1_147' title='bbox 507 2140 626 2180; x_wconf 82' lang='lat' dir='ltr'><strong>Largus</strong></span> <span class='ocrx_word' id='word_1_148' title='bbox 635 2138 647 2180; x_wconf 88' lang='lat'><em>)</em></span> 
     </span>
     <span class='ocr_line' id='line_1_33' title="bbox 66 2183 648 2227; baseline 0.002 -13"><span class='ocrx_word' id='word_1_149' title='bbox 66 2183 129 2214; x_wconf 72' lang='lat' dir='ltr'><strong>sub</strong></span> <span class='ocrx_word' id='word_1_150' title='bbox 144 2185 237 2223; x_wconf 86' lang='lat' dir='ltr'><strong>cujus</strong></span> <span class='ocrx_word' id='word_1_151' title='bbox 254 2185 352 2226; x_wconf 87' lang='lat' dir='ltr'><strong>signis</strong></span> <span class='ocrx_word' id='word_1_152' title='bbox 371 2186 476 2215; x_wconf 88' lang='lat' dir='ltr'>Iccius</span> <span class='ocrx_word' id='word_1_153' title='bbox 490 2185 648 2227; x_wconf 81' lang='lat' dir='ltr'><strong>stipendia</strong></span> 
     </span>
     <span class='ocr_line' id='line_1_34' title="bbox 68 2230 649 2270; baseline 0.003 -9"><span class='ocrx_word' id='word_1_154' title='bbox 68 2232 182 2261; x_wconf 85' lang='lat' dir='ltr'><strong>mereri</strong></span> <span class='ocrx_word' id='word_1_155' title='bbox 199 2230 429 2270; x_wconf 78' lang='lat' dir='ltr'><strong>meditabatur3</strong></span> <span class='ocrx_word' id='word_1_156' title='bbox 447 2241 484 2262; x_wconf 84' lang='lat'><strong>2⁰</strong></span> <span class='ocrx_word' id='word_1_157' title='bbox 500 2234 649 2263; x_wconf 81' lang='lat' dir='ltr'><strong>mutatio-</strong></span> 
     </span>
     <span class='ocr_line' id='line_1_35' title="bbox 68 2279 647 2320; baseline 0 -11"><span class='ocrx_word' id='word_1_158' title='bbox 68 2287 144 2309; x_wconf 82' lang='lat' dir='ltr'><strong>uem</strong></span> <span class='ocrx_word' id='word_1_159' title='bbox 155 2288 283 2309; x_wconf 84' lang='lat' dir='ltr'><strong>morum</strong></span> <span class='ocrx_word' id='word_1_160' title='bbox 299 2280 375 2309; x_wconf 88' lang='lat' dir='ltr'><strong>Iccii</strong></span> <span class='ocrx_word' id='word_1_161' title='bbox 384 2302 393 2317; x_wconf 87' lang='lat'>,</span> <span class='ocrx_word' id='word_1_162' title='bbox 409 2279 498 2320; x_wconf 81' lang='lat' dir='ltr'>quasi</span> <span class='ocrx_word' id='word_1_163' title='bbox 511 2279 647 2317; x_wconf 83' lang='lat' dir='ltr'><strong>diceret,</strong></span> 
     </span>
     <span class='ocr_line' id='line_1_36' title="bbox 67 2324 649 2371; baseline 0.002 -15"><span class='ocrx_word' id='word_1_164' title='bbox 67 2324 139 2363; x_wconf 78' lang='lat' dir='ltr'><strong>Tu,</strong></span> <span class='ocrx_word' id='word_1_165' title='bbox 153 2326 211 2366; x_wconf 88' lang='lat' dir='ltr'><strong>qui</strong></span> <span class='ocrx_word' id='word_1_166' title='bbox 237 2325 315 2356; x_wconf 88' lang='lat' dir='ltr'><strong>olim</strong></span> <span class='ocrx_word' id='word_1_167' title='bbox 337 2333 443 2357; x_wconf 77' lang='lat' dir='ltr'><strong>totum</strong></span> <span class='ocrx_word' id='word_1_168' title='bbox 461 2324 649 2371; x_wconf 37' lang='lat' dir='ltr'><strong>terphiloso-</strong></span> 
     </span>
    </p>
   </div>
   <div class='ocr_carea' id='block_1_12' title="bbox 698 1428 1290 2372">
    <p class='ocr_par' dir='ltr' id='par_1_12' title="bbox 700 1428 1287 1519">
     <span class='ocr_line' id='line_1_37' title="bbox 700 1428 1287 1474; baseline -0.002 -11"><span class='ocrx_word' id='word_1_169' title='bbox 700 1432 786 1474; x_wconf 83' lang='lat' dir='ltr'><strong>phiae</strong></span> <span class='ocrx_word' id='word_1_170' title='bbox 813 1431 998 1469; x_wconf 78' lang='lat' dir='ltr'><strong>dedideras,</strong></span> <span class='ocrx_word' id='word_1_171' title='bbox 1032 1428 1140 1469; x_wconf 76' lang='lat' dir='ltr'><strong>nunc,</strong></span> <span class='ocrx_word' id='word_1_172' title='bbox 1163 1437 1226 1462; x_wconf 72' lang='lat' dir='ltr'><strong>etc.</strong></span> <span class='ocrx_word' id='word_1_173' title='bbox 1240 1446 1287 1453; x_wconf 72' lang='lat'><strong>——</strong></span> 
     </span>
     <span class='ocr_line' id='line_1_38' title="bbox 700 1478 1286 1519; baseline -0.005 -8"><span class='ocrx_word' id='word_1_174' title='bbox 700 1479 828 1511; x_wconf 77' lang='lat' dir='ltr'><strong>Invidcs</strong></span> <span class='ocrx_word' id='word_1_175' title='bbox 837 1490 849 1510; x_wconf 88' lang='lat'><strong>.·</strong></span> <span class='ocrx_word' id='word_1_176' title='bbox 863 1478 1070 1509; x_wconf 83' lang='lat' dir='ltr'><strong>vehementer</strong></span> <span class='ocrx_word' id='word_1_177' title='bbox 1084 1488 1136 1508; x_wconf 85' lang='lat' dir='ltr'><strong>eas</strong></span> <span class='ocrx_word' id='word_1_178' title='bbox 1152 1479 1286 1519; x_wconf 84' lang='lat' dir='ltr'><strong>appetis.</strong></span> 
     </span>
    </p>

    <p class='ocr_par' dir='ltr' id='par_1_13' title="bbox 698 1524 1290 2372">
     <span class='ocr_line' id='line_1_39' title="bbox 750 1524 1287 1559; baseline -0.004 0"><span class='ocrx_word' id='word_1_179' title='bbox 750 1538 783 1559; x_wconf 82' lang='lat'><strong>2.</strong></span> <span class='ocrx_word' id='word_1_180' title='bbox 797 1528 876 1558; x_wconf 85' lang='lat' dir='ltr'><strong>Non</strong></span> <span class='ocrx_word' id='word_1_181' title='bbox 884 1525 962 1557; x_wconf 80' lang='grc' dir='ltr'><em>αηιὲ</em></span> <span class='ocrx_word' id='word_1_182' title='bbox 973 1524 1103 1556; x_wconf 80' lang='lat' dir='ltr'><strong>devictis</strong></span> <span class='ocrx_word' id='word_1_183' title='bbox 1114 1525 1228 1556; x_wconf 77' lang='lat' dir='ltr'><em>Sabeae</em></span> <span class='ocrx_word' id='word_1_184' title='bbox 1238 1536 1287 1557; x_wconf 84' lang='lat' dir='ltr'><strong>re-</strong></span> 
     </span>
     <span class='ocr_line' id='line_1_40' title="bbox 698 1572 1288 1617; baseline -0.003 -12"><span class='ocrx_word' id='word_1_185' title='bbox 698 1574 790 1617; x_wconf 80' lang='lat' dir='ltr'><em>gibus</em></span> <span class='ocrx_word' id='word_1_186' title='bbox 800 1585 811 1605; x_wconf 88' lang='lat'><em>:</em></span> <span class='ocrx_word' id='word_1_187' title='bbox 821 1573 921 1607; x_wconf 83' lang='lat' dir='ltr'><strong>Sabea</strong></span> <span class='ocrx_word' id='word_1_188' title='bbox 928 1583 1000 1615; x_wconf 86' lang='lat' dir='ltr'><strong>pars</strong></span> <span class='ocrx_word' id='word_1_189' title='bbox 1019 1580 1068 1603; x_wconf 83' lang='lat' dir='ltr'><strong>est</strong></span> <span class='ocrx_word' id='word_1_190' title='bbox 1083 1572 1196 1603; x_wconf 86' lang='lat' dir='ltr'><strong>Felicis</strong></span> <span class='ocrx_word' id='word_1_191' title='bbox 1208 1574 1288 1604; x_wconf 84' lang='lat' dir='ltr'><strong>Ara-</strong></span> 
     </span>
     <span class='ocr_line' id='line_1_41' title="bbox 701 1619 1289 1660; baseline -0.002 -7"><span class='ocrx_word' id='word_1_192' title='bbox 701 1623 783 1660; x_wconf 86' lang='lat' dir='ltr'><strong>biae,</strong></span> <span class='ocrx_word' id='word_1_193' title='bbox 811 1621 905 1652; x_wconf 79' lang='lat' dir='ltr'><strong>thure</strong></span> <span class='ocrx_word' id='word_1_194' title='bbox 931 1619 1116 1658; x_wconf 82' lang='lat' dir='ltr'><strong>abundans,</strong></span> <span class='ocrx_word' id='word_1_195' title='bbox 1151 1620 1289 1652; x_wconf 87' lang='lat' dir='ltr'><strong>interior</strong></span> 
     </span>
     <span class='ocr_line' id='line_1_42' title="bbox 701 1666 1288 1710; baseline -0.003 -9"><span class='ocrx_word' id='word_1_196' title='bbox 701 1677 733 1701; x_wconf 88' lang='lat' dir='ltr'><strong>et</strong></span> <span class='ocrx_word' id='word_1_197' title='bbox 745 1670 899 1700; x_wconf 83' lang='lat' dir='ltr'><strong>remotior</strong></span> <span class='ocrx_word' id='word_1_198' title='bbox 909 1679 918 1706; x_wconf 83' lang='lat'>3</span> <span class='ocrx_word' id='word_1_199' title='bbox 929 1666 1076 1710; x_wconf 84' lang='lat' dir='ltr'><strong>quamvis</strong></span> <span class='ocrx_word' id='word_1_200' title='bbox 1088 1667 1195 1698; x_wconf 64' lang='lat' dir='ltr'><strong>autem</strong></span> <span class='ocrx_word' id='word_1_201' title='bbox 1204 1678 1288 1700; x_wconf 89' lang='lat' dir='ltr'><strong>non-</strong></span> 
     </span>
     <span class='ocr_line' id='line_1_43' title="bbox 701 1714 1288 1757; baseline -0.009 -9"><span class='ocrx_word' id='word_1_202' title='bbox 701 1717 785 1748; x_wconf 87' lang='lat' dir='ltr'><strong>nulli</strong></span> <span class='ocrx_word' id='word_1_203' title='bbox 806 1716 870 1756; x_wconf 62' lang='lat' dir='ltr'><strong>jam</strong></span> <span class='ocrx_word' id='word_1_204' title='bbox 896 1726 985 1757; x_wconf 82' lang='lat' dir='ltr'><strong>reges</strong></span> <span class='ocrx_word' id='word_1_205' title='bbox 1012 1714 1158 1746; x_wconf 81' lang='lat' dir='ltr'><strong>Arabum</strong></span> <span class='ocrx_word' id='word_1_206' title='bbox 1184 1714 1202 1745; x_wconf 74' lang='grc' dir='ltr'><em>ὲ</em></span> <span class='ocrx_word' id='word_1_207' title='bbox 1224 1717 1288 1747; x_wconf 81' lang='lat' dir='ltr'><strong>Ro-</strong></span> 
     </span>
     <span class='ocr_line' id='line_1_44' title="bbox 701 1762 1286 1800; baseline 0 -6"><span class='ocrx_word' id='word_1_208' title='bbox 701 1765 804 1794; x_wconf 80' lang='lat' dir='ltr'><strong>manis</strong></span> <span class='ocrx_word' id='word_1_209' title='bbox 818 1764 895 1794; x_wconf 79' lang='lat' dir='ltr'><strong>victi</strong></span> <span class='ocrx_word' id='word_1_210' title='bbox 912 1763 1064 1800; x_wconf 84' lang='lat' dir='ltr'><strong>fuissent,</strong></span> <span class='ocrx_word' id='word_1_211' title='bbox 1083 1768 1121 1792; x_wconf 87' lang='lat' dir='ltr'><strong>nt</strong></span> <span class='ocrx_word' id='word_1_212' title='bbox 1139 1762 1254 1793; x_wconf 73' lang='lat' dir='ltr'><strong>Aretas</strong></span> <span class='ocrx_word' id='word_1_213' title='bbox 1268 1764 1286 1794; x_wconf 60' lang='lat' dir='ltr'>a</span> 
     </span>
     <span class='ocr_line' id='line_1_45' title="bbox 702 1808 1287 1853; baseline -0.002 -11"><span class='ocrx_word' id='word_1_214' title='bbox 702 1812 872 1853; x_wconf 87' lang='lat' dir='ltr'><strong>Pompeio,</strong></span> <span class='ocrx_word' id='word_1_215' title='bbox 887 1808 1036 1841; x_wconf 74' lang='lat' dir='ltr'><strong>nondum</strong></span> <span class='ocrx_word' id='word_1_216' title='bbox 1058 1815 1165 1839; x_wconf 79' lang='lat' dir='ltr'><strong>tamen</strong></span> <span class='ocrx_word' id='word_1_217' title='bbox 1185 1810 1220 1840; x_wconf 89' lang='lat' dir='ltr'><strong>in</strong></span> <span class='ocrx_word' id='word_1_218' title='bbox 1235 1811 1287 1841; x_wconf 85' lang='lat' dir='ltr'><strong>Sa-</strong></span> 
     </span>
     <span class='ocr_line' id='line_1_46' title="bbox 701 1859 1286 1898; baseline -0.002 -9"><span class='ocrx_word' id='word_1_219' title='bbox 701 1859 804 1889; x_wconf 84' lang='lat' dir='ltr'><strong>baeam</strong></span> <span class='ocrx_word' id='word_1_220' title='bbox 825 1868 911 1888; x_wconf 85' lang='lat' dir='ltr'><strong>arma</strong></span> <span class='ocrx_word' id='word_1_221' title='bbox 931 1860 1076 1889; x_wconf 83' lang='lat' dir='ltr'><strong>Romana</strong></span> <span class='ocrx_word' id='word_1_222' title='bbox 1097 1864 1286 1898; x_wconf 85' lang='lat' dir='ltr'><strong>penetrave-</strong></span> 
     </span>
     <span class='ocr_line' id='line_1_47' title="bbox 701 1903 1286 1937; baseline -0.003 0"><span class='ocrx_word' id='word_1_223' title='bbox 701 1913 783 1937; x_wconf 85' lang='lat' dir='ltr'><strong>rant.</strong></span> <span class='ocrx_word' id='word_1_224' title='bbox 798 1923 844 1930; x_wconf 88' lang='lat'><strong>—-</strong></span> <span class='ocrx_word' id='word_1_225' title='bbox 857 1903 969 1936; x_wconf 84' lang='lat' dir='ltr'><strong>Nectis</strong></span> <span class='ocrx_word' id='word_1_226' title='bbox 999 1910 1135 1934; x_wconf 83' lang='lat' dir='ltr'><strong>catenas</strong></span> <span class='ocrx_word' id='word_1_227' title='bbox 1158 1915 1170 1934; x_wconf 88' lang='lat'><em>:</em></span> <span class='ocrx_word' id='word_1_228' title='bbox 1198 1915 1286 1936; x_wconf 83' lang='lat' dir='ltr'><strong>mera</strong></span> 
     </span>
     <span class='ocr_line' id='line_1_48' title="bbox 701 1950 1285 1991; baseline -0.002 -7"><span class='ocrx_word' id='word_1_229' title='bbox 701 1960 750 1984; x_wconf 87' lang='lat' dir='ltr'><strong>est</strong></span> <span class='ocrx_word' id='word_1_230' title='bbox 774 1953 897 1990; x_wconf 84' lang='lat' dir='ltr'><strong>ironia;</strong></span> <span class='ocrx_word' id='word_1_231' title='bbox 918 1950 983 1991; x_wconf 73' lang='lat' dir='ltr'><strong>jzim</strong></span> <span class='ocrx_word' id='word_1_232' title='bbox 1007 1951 1089 1981; x_wconf 89' lang='lat' dir='ltr'><strong>mihi</strong></span> <span class='ocrx_word' id='word_1_233' title='bbox 1111 1950 1220 1982; x_wconf 81' lang='lat' dir='ltr'><strong>videre</strong></span> <span class='ocrx_word' id='word_1_234' title='bbox 1238 1954 1285 1983; x_wconf 77' lang='lat' dir='ltr'><strong>vi—</strong></span> 
     </span>
     <span class='ocr_line' id='line_1_49' title="bbox 702 1997 1287 2041; baseline -0.002 -10"><span class='ocrx_word' id='word_1_235' title='bbox 702 2001 781 2031; x_wconf 88' lang='lat' dir='ltr'><strong>deor</strong></span> <span class='ocrx_word' id='word_1_236' title='bbox 813 2000 957 2041; x_wconf 80' lang='lat' dir='ltr'><strong>captivos</strong></span> <span class='ocrx_word' id='word_1_237' title='bbox 994 1997 1145 2028; x_wconf 84' lang='lat' dir='ltr'><strong>incedere</strong></span> <span class='ocrx_word' id='word_1_238' title='bbox 1175 2000 1287 2030; x_wconf 85' lang='lat' dir='ltr'><strong>trium-</strong></span> 
     </span>
     <span class='ocr_line' id='line_1_50' title="bbox 700 2046 1289 2089; baseline -0.003 -11"><span class='ocrx_word' id='word_1_239' title='bbox 700 2047 789 2089; x_wconf 83' lang='lat' dir='ltr'><strong>phali</strong></span> <span class='ocrx_word' id='word_1_240' title='bbox 805 2054 864 2078; x_wconf 88' lang='lat' dir='ltr'><strong>tuo</strong></span> <span class='ocrx_word' id='word_1_241' title='bbox 876 2046 988 2076; x_wconf 79' lang='lat' dir='ltr'><strong>currui</strong></span> <span class='ocrx_word' id='word_1_242' title='bbox 997 2046 1289 2087; x_wconf 56' lang='lat' dir='ltr'><strong>astrictos—Qut?</strong></span> 
     </span>
     <span class='ocr_line' id='line_1_51' title="bbox 702 2093 1287 2136; baseline -0.002 -12"><span class='ocrx_word' id='word_1_243' title='bbox 702 2094 762 2124; x_wconf 82' lang='lat' dir='ltr'><strong>tibi</strong></span> <span class='ocrx_word' id='word_1_244' title='bbox 791 2093 954 2136; x_wconf 79' lang='lat' dir='ltr'><strong>virginum</strong></span> <span class='ocrx_word' id='word_1_245' title='bbox 959 2116 1031 2124; x_wconf 90' lang='grc'><strong>......</strong></span> <span class='ocrx_word' id='word_1_246' title='bbox 1066 2093 1287 2123; x_wconf 80' lang='lat' dir='ltr'><strong>Continuatur</strong></span> 
     </span>
     <span class='ocr_line' id='line_1_52' title="bbox 701 2139 1289 2179; baseline -0.002 -7"><span class='ocrx_word' id='word_1_247' title='bbox 701 2142 826 2179; x_wconf 88' lang='lat' dir='ltr'><strong>ironia;</strong></span> <span class='ocrx_word' id='word_1_248' title='bbox 847 2147 969 2171; x_wconf 79' lang='lat' dir='ltr'><strong>tantam</strong></span> <span class='ocrx_word' id='word_1_249' title='bbox 986 2139 1134 2170; x_wconf 83' lang='lat' dir='ltr'><strong>editurus</strong></span> <span class='ocrx_word' id='word_1_250' title='bbox 1160 2151 1194 2170; x_wconf 83' lang='lat' dir='ltr'><strong>es</strong></span> <span class='ocrx_word' id='word_1_251' title='bbox 1216 2139 1289 2171; x_wconf 79' lang='lat' dir='ltr'>hos—</span> 
     </span>
     <span class='ocr_line' id='line_1_53' title="bbox 702 2187 1286 2229; baseline -0.002 -10"><span class='ocrx_word' id='word_1_252' title='bbox 702 2189 784 2219; x_wconf 86' lang='lat' dir='ltr'><strong>tium</strong></span> <span class='ocrx_word' id='word_1_253' title='bbox 823 2195 958 2229; x_wconf 85' lang='lat' dir='ltr'><strong>stragem</strong></span> <span class='ocrx_word' id='word_1_254' title='bbox 971 2209 980 2225; x_wconf 87' lang='lat'>,</span> <span class='ocrx_word' id='word_1_255' title='bbox 1011 2193 1049 2217; x_wconf 88' lang='lat' dir='ltr'><strong>ut</strong></span> <span class='ocrx_word' id='word_1_256' title='bbox 1079 2187 1141 2217; x_wconf 84' lang='lat' dir='ltr'><strong>tibi</strong></span> <span class='ocrx_word' id='word_1_257' title='bbox 1176 2187 1218 2217; x_wconf 91' lang='lat' dir='ltr'><strong>sit</strong></span> <span class='ocrx_word' id='word_1_258' title='bbox 1250 2188 1286 2218; x_wconf 91' lang='lat' dir='ltr'><strong>in</strong></span> 
     </span>
     <span class='ocr_line' id='line_1_54' title="bbox 701 2233 1288 2276; baseline -0.002 -11"><span class='ocrx_word' id='word_1_259' title='bbox 701 2242 857 2276; x_wconf 83' lang='lat' dir='ltr'><strong>promptu</strong></span> <span class='ocrx_word' id='word_1_260' title='bbox 882 2235 998 2276; x_wconf 83' lang='lat' dir='ltr'><strong>eligere</strong></span> <span class='ocrx_word' id='word_1_261' title='bbox 1027 2234 1113 2264; x_wconf 87' lang='lat' dir='ltr'><strong>inter</strong></span> <span class='ocrx_word' id='word_1_262' title='bbox 1138 2233 1288 2275; x_wconf 85' lang='lat' dir='ltr'><strong>pulcher-</strong></span> 
     </span>
     <span class='ocr_line' id='line_1_55' title="bbox 702 2281 1289 2323; baseline 0 -11"><span class='ocrx_word' id='word_1_263' title='bbox 702 2283 799 2312; x_wconf 85' lang='lat' dir='ltr'><strong>rimas</strong></span> <span class='ocrx_word' id='word_1_264' title='bbox 813 2282 971 2323; x_wconf 81' lang='lat' dir='ltr'><strong>captivas,</strong></span> <span class='ocrx_word' id='word_1_265' title='bbox 991 2291 1089 2322; x_wconf 89' lang='lat' dir='ltr'><strong>quam</strong></span> <span class='ocrx_word' id='word_1_266' title='bbox 1106 2287 1163 2311; x_wconf 85' lang='lat' dir='ltr'><strong>tuo</strong></span> <span class='ocrx_word' id='word_1_267' title='bbox 1185 2281 1289 2312; x_wconf 86' lang='lat' dir='ltr'><strong>cubili</strong></span> 
     </span>
     <span class='ocr_line' id='line_1_56' title="bbox 703 2326 1290 2372; baseline -0.002 -13"><span class='ocrx_word' id='word_1_268' title='bbox 703 2328 854 2372; x_wconf 86' lang='lat' dir='ltr'><strong>digneris.</strong></span> <span class='ocrx_word' id='word_1_269' title='bbox 874 2346 921 2352; x_wconf 94' lang='lat'><strong>—-</strong></span> <span class='ocrx_word' id='word_1_270' title='bbox 939 2330 1026 2359; x_wconf 83' lang='lat' dir='ltr'><strong>Puer</strong></span> <span class='ocrx_word' id='word_1_271' title='bbox 1042 2327 1113 2370; x_wconf 83' lang='lat' dir='ltr'><strong>quis</strong></span> <span class='ocrx_word' id='word_1_272' title='bbox 1127 2338 1171 2359; x_wconf 78' lang='lat' dir='ltr'><strong>ex</strong></span> <span class='ocrx_word' id='word_1_273' title='bbox 1188 2326 1290 2359; x_wconf 72' lang='lat' dir='ltr'><em>auld:</em></span> 
     </span>
    </p>
   </div>
  </div>
 </body>
</html>
