1456 2508
479 109 558 141 LIB.
581 108 633 139 111
657 107 746 140 ODE
770 109 864 140 XXI.
1228 108 1294 138 303

81 227 1049 243 mmmmmwmw-mwmmmnss
1053 228 1173 240 “⁵3OE
1178 227 1299 239 §mm

249 366 401 426 ODE
444 364 831 428 VIGESIMA
874 366 1122 426 PRIMA

438 516 524 561 AD
561 515 933 561 AMPHORAM.

81 675 159 706 Ciam
172 677 219 708 M.
240 674 388 706 Valerius
410 676 557 707 Messala
574 675 746 712 Corvinus,
767 674 823 706 vir
838 674 907 705 εὰνη
929 685 1034 706 rerum
1051 682 1216 718 gestamm
1227 675 1296 717 glo-

123 729 174 762 rid
200 731 300 774 quc'zm
322 731 479 762 doctrina·
508 731 706 774 eloquentia?
733 731 832 761 laude
868 730 1102 768 nobilissimus,
1129 730 1298 772 promisis-

122 794 171 818 set
190 787 328 818 Horatio
344 798 378 818 se
395 795 481 818 cereo
503 788 646 830 quodam
668 794 701 818 ec
713 786 867 829 proximo
889 786 942 817 die
960 787 1052 828 apud
1062 798 1134 818 eum
1153 794 1299 818 coenatu-

122 853 205 881 rum,
225 843 418 885 amphoram
433 843 733 885 alloquitur-vates,
751 853 892 884 eamque
900 842 991 884 jubet
1009 841 1163 884 optimum
1179 843 1299 874 vinum

122 898 251 942 egregio
263 897 384 941 hospiti
396 898 567 942 infimdere
576 911 591 937 ;
610 899 686 930 ind&
704 898 736 929 ἰη
751 899 932 930 universum
945 898 1022 930 vini
1030 898 1232 940 praecom'um
1248 899 1301 930 de—

125 954 255 987 labitur.

184 1066 220 1102 Ο
238 1077 338 1102 mn
350 1076 501 1102 mecum
520 1065 676 1103 consule
694 1064 845 1102 Manlio
867 1074 875 1089 ¹
887 1094 897 1112 ‚

184 1127 262 1163 Seu
280 1133 324 1162 tu
342 1126 539 1176 querelas,
557 1126 638 1164 sive
654 1125 755 1176 geris
767 1126 895 1177 jocos,

235 1189 313 1225 Seu
330 1186 455 1224 rixam
475 1195 513 1225 et
531 1187 685 1225 insanos
708 1200 858 1224 amores
871 1215 881 1233 ‚

287 1250 364 1287 Seu
383 1247 552 1297 facilem,
570 1248 634 1300 pia
651 1257 746 1286 testa
764 1256 792 1296 2,
812 1261 1011 1296 somnum,

122 1380 152 1400 1.
181 1371 209 1400 Ο
242 1376 324 1400 nata
349 1379 473 1400 mecum
483 1392 494 1407 ,
521 1370 650 1400 consule

75 1415 205 1447 Manlio
219 1427 230 1447 .·
243 1423 339 1447 natus
355 1423 423 1447 erat
445 1418 599 1448 Horatius
613 1419 647 1448 L.

74 1461 199 1494 Manlio
216 1465 382 1504 Torquato
404 1470 437 1495 et
456 1465 494 1496 L.
514 1464 650 1495 Aurelio

75 1508 170 1541 Cotta
185 1518 265 1542 coss.
274 1533 284 1548 ,
306 1520 393 1541 auno
407 1512 448 1543 U.
464 1511 500 1544 C.
517 1511 584 1542 688
600 1512 652 1542 vel

76 1555 163 1598 689,
179 1557 221 1589 A.
237 1558 273 1589 C.
290 1558 335 1594 64
356 1557 418 1588 vel.
443 1558 499 1590 63,
515 1559 651 1590 Carmen

76 1604 182 1635 autem
204 1605 362 1646 scriptum
391 1605 489 1636 fuisse
519 1613 653 1647 putatur

74 1651 147 1693 ipso
164 1651 307 1683 Messalae
331 1651 517 1683 consulatus
542 1663 646 1691 anno,

78 1699 117 1730 U.
127 1698 164 1730 C.
181 1709 259 1738 72²-
277 1699 401 1730 Vinum
414 1697 515 1740 igitur
530 1699 570 1730 de
583 1711 650 1741 quo

76 1742 131 1775 hic
150 1745 256 1788 agitur
273 1746 372 1776 trium
393 1745 424 1776 el
447 1747 572 1788 triginti
595 1758 650 1777 an-

74 1802 193 1823 norum
208 1800 285 1825 erat.
296 1793 412 1823 —Seic
431 1800 464 1823 cu
478 1795 629 1835 querelas
638 1818 649 1832 ‚

74 1837 136 1870 εἰνὲ
163 1839 252 1882 geris
267 1840 378 1883 jocos,
411 1842 473 1870 Seu
513 1840 623 1872 rixam
639 1853 651 1872 .·

76 1885 127 1916 hic
141 1886 305 1918 allucinati
321 1894 398 1917 sunt
413 1898 482 1918 non
501 1890 594 1929 pauci
606 1890 653 1919 in-

75 1933 314 1976 terpretes.Qu;i
323 1934 362 1964 de
372 1934 476 1973 causa,
486 1935 649 1977 inquiunt,

75 1980 189 2011 vinum
206 1982 240 2011 iu
265 1981 340 2012 laeto
364 1983 516 2013 convivio
538 1982 652 2013 biben-

74 2025 176 2066 dum,
202 2035 240 2058 ut
264 2029 466 2070 querelarum
491 2030 651 2060 rixarum-

74 2084 138 2115 que
163 2085 290 2106 causam
313 2075 452 2108 celebrat
476 2078 651 2108 Horatius?

73 2122 150 2153 Nou
159 2127 327 2153 senserunt
335 2122 512 2154 doctissimi
523 2124 651 2155 aliunde

73 2175 279 2200 annotatores
286 2169 343 2200 has
351 2181 445 2201 voces
454 2181 511 2212 per
520 2183 652 2213 sequen-

74 2215 116 2246 tia
132 2216 230 2247 verba
253 2216 326 2247 satis
345 2218 509 2259 explicari.
526 2220 650 2250 Asserit

70 2261 214 2304 primum
237 2265 406 2305 Horatius,
421 2265 513 2307 quod
528 2267 650 2297 verissi-

704 1380 795 1400 mum
809 1375 856 1400 est
866 1392 875 1407 ‚
892 1368 976 1411 saepe
990 1367 1108 1410 saepius
1121 1370 1156 1400 in
1171 1369 1292 1412 lagenae

705 1416 808 1447 fundo
836 1416 935 1446 latere
956 1416 1102 1458 querelas
1124 1424 1158 1448 et
1173 1418 1292 1460 jurgia.

705 1463 801 1495 Unde
820 1464 925 1501 varia,
945 1474 1007 1505 pro
1023 1465 1113 1494 vario
1131 1475 1192 1495 usu
1203 1487 1212 1503 ,
1229 1476 1290 1506 pro

706 1511 792 1541 varia
827 1517 1015 1552 potatorum
1049 1511 1179 1550 indole,
1213 1513 1291 1543 vino

706 1560 831 1599 optimo
854 1559 987 1588 nomina
1006 1559 1218 1600 assignantur.
1234 1561 1291 1590 Fa-

707 1606 767 1636 cile
782 1605 996 1636 irascentibus
1011 1604 1158 1636 rixarum
1175 1607 1289 1638 vinum

707 1652 942 1694 appellabitur3
956 1654 1092 1684 morosis
1106 1659 1138 1684 et
1151 1654 1290 1695 querelis

705 1701 828 1741 patruis
838 1706 893 1730 aut
903 1700 1046 1738 senibus,
1063 1701 1268 1741 querelarum
1276 1715 1288 1738 ;

702 1748 884 1786 juventutis
894 1753 974 1777 aestu
981 1746 1194 1786 ferventibus,
1201 1759 1289 1779 amo-

706 1805 775 1824 rum
786 1818 797 1831 ,
814 1801 845 1824 et
860 1795 906 1824 sic
922 1793 962 1824 de
979 1795 1121 1834 caeteris;
1139 1794 1195 1826 sed
1213 1807 1290 1837 quo·

706 1852 843 1883 cumque
855 1841 988 1872 nomine
1001 1842 1118 1872 lectum
1129 1866 1140 1880 ,
1158 1843 1225 1874 sive
1241 1844 1289 1874 in-

707 1890 885 1930 scriptum,
907 1888 1005 1920 fuerit
1027 1891 1156 1920 Horatii
1174 1890 1287 1921 Massi-

707 1947 783 1966 cum
793 1959 801 1975 ,
815 1936 949 1978 dignum
964 1937 1047 1967 illud
1066 1944 1114 1967 est
1130 1938 1221 1979 quod
1235 1938 1288 1970 bo-

707 1994 750 2013 no
768 1983 837 2021 die,
856 1983 946 2024 quod
964 1985 998 2014 in
1022 1984 1182 2015 honorem
1205 1986 1290 2016 Mes-

705 2031 795 2070 salae‚
820 2030 842 2061 ὰ
867 2028 952 2061 εείΙᾶ
975 2029 1034 2061 suci
1059 2039 1235 2070 moveatur,
1257 2040 1289 2063 et

703 2079 739 2108 in
758 2077 867 2109 mensal
888 2078 1005 2120 geniali
1030 2086 1201 2120 appareat,
1221 2091 1288 2121 prae

702 2132 861 2156 vetustate
875 2125 1067 2167 languidum
1076 2149 1086 2163 ,
1099 2125 1132 2156 id
1147 2133 1195 2156 est
1208 2137 1288 2157 con—

705 2179 835 2204 coctum
847 2196 855 2211 ,
869 2180 1033 2203 maturum
1043 2196 1051 2211 ,
1063 2174 1140 2203 mite
1156 2173 1287 2206 factum,

751 2231 782 2251 2.
799 2220 860 2251 Pia
876 2227 959 2250 testa
973 2230 984 2250 .·
1001 2219 1173 2261 amphora,
1192 2222 1287 2263 pieta-

703 2267 744 2297 tis
762 2278 841 2298 meae
865 2266 937 2310 erga
957 2267 1127 2298 Messalam
1149 2270 1239 2300 testis
1257 2276 1288 2300 et
