1404 2482
157 137 220 173 340

546 137 587 176 Q.
611 134 794 168 nomm
818 133 970 167 FLAcm

231 192 345 240 Quod
359 204 436 229 non
451 190 573 229 imber
587 193 684 230 edax
701 201 729 240 ²,
750 206 827 230 non
844 193 982 243 Aquilo
994 192 1181 245 impotens

226 253 347 290 Possit
362 252 535 299 diruere,
553 260 616 289 aut
631 253 918 291 innumerabilis

228 315 424 350 Annorum
446 311 575 358 series,
596 321 633 349 et
648 312 736 362 fuga
752 320 976 363 temporum.

226 373 314 409 Non
326 370 451 407 ‘omnis
467 371 608 408 moriar
625 370 652 418 ³,
669 373 862 423 multaque
881 385 968 423 pars
988 371 1063 409 mei
1323 378 1336 403 5

224 430 370 468 Vitabit
388 429 602 470 Libitinam.
617 434 747 482 Usque
762 447 832 483 ego
849 434 1001 483 postera

227 494 404 529 Crescam
418 490 530 528 laude
544 492 559 520 4
574 506 704 531 recens
716 522 726 540 ‚
747 494 838 531 dum
851 492 1080 544 Capitolium

227 549 392 587 Scandet
404 561 490 584 cum
507 550 620 587 tacita
638 551 784 600 virgine
799 551 986 588 Pontifex.

225 611 343 650 Dicar
359 607 386 657 ⁵,
402 611 478 658 quii
493 611 637 650 violens
653 611 841 663 obstrepit
855 611 1033 659 Aufidus,
1310 626 1341 644 ιο

146 763 215 787 tum
224 757 383 800 fastigium
393 759 590 789 decrescunt.
602 758 702 789 Ροιτὸ
709 779 718 795 ,

148 802 221 833 cum
234 805 366 844 propter
376 805 575 834 altitudinem
585 804 720 833 maxime

148 850 370 887 celebrentur,
398 860 534 891 quarum
562 859 625 879 uua
657 857 720 880 tre-

149 897 248 926 centis
283 900 316 925 et
351 897 547 936 septuaginta
583 895 720 936 pedibus

149 941 218 972 solo
240 942 378 979 eminet,
402 941 475 972 ideo
492 952 575 979 vox,
600 941 716 979 alcius,

149 987 191 1018 ad
220 987 422 1018 indicandam
455 989 606 1026 majorem
652 999 718 1018 car-

150 1035 275 1064 minum
316 1034 550 1072 celebritatem,
588 1044 720 1075 usurpa-

153 1087 216 1112 tur.

199 1137 230 1158 2.
265 1127 360 1167 Quod
386 1138 452 1158 non
480 1126 581 1158 imber
610 1126 698 1157 edax
710 1137 722 1157 .·

149 1173 294 1214 quamvis
312 1173 397 1204 euim
415 1171 480 1204 huc
499 1184 599 1215 usque
613 1171 721 1212 tenus,

151 1218 333 1261 pyramides
364 1220 516 1250 omnibus
532 1220 721 1250 destructio-

150 1266 201 1295 nis
210 1265 372 1296 elementis
382 1267 567 1304 restiterint,
575 1272 616 1303 et,
626 1272 662 1296 ut
678 1267 720 1296 ait

151 1311 299 1342 Delillius
311 1318 420 1342 noster
435 1321 444 1343 z
460 1314 544 1342 Lem·
558 1322 662 1341 masse
678 1312 722 1342 in-

150 1357 350 1388 destmctible
363 1357 410 1389 ait
417 1357 549 1400 fatigue
563 1358 593 1388 Ie
607 1365 721 1398 temps,

149 1410 268 1435 sortem
296 1406 385 1435 omni
416 1405 554 1434 materiae
582 1415 724 1434 commu-

150 1460 224 1480 nem
242 1461 310 1481 non
328 1451 496 1490 vitabunt3
512 1451 660 1481 sublimia
672 1461 724 1481 au-

151 1496 216 1527 tem
235 1497 356 1539 ingenii
371 1508 483 1538 opera,
503 1497 542 1527 ab
558 1494 626 1538 ipsit
641 1498 723 1527 anti-

151 1544 272 1583 quitate
292 1554 415 1574 novum
441 1543 542 1574 robur
565 1550 596 1575 et
612 1554 724 1583 pereu-

150 1589 283 1620 nitatem
298 1589 434 1621 ducunt.

200 1637 231 1666 3.
256 1637 333 1665 Non
359 1635 465 1666 omnis
485 1635 624 1666 moriar:
639 1635 720 1666 hanc

151 1683 340 1712 seutentiam
372 1682 523 1719 feliciter,
547 1682 587 1712 de
611 1693 717 1720 more,

151 1729 306 1769 expressit
347 1730 518 1767 Raeinius,
553 1729 718 1770 Iphigen.‚

153 1780 211 1804 act.
227 1775 261 1812 Ι,
275 1785 319 1805 se.
345 1785 363 1804 2
380 1785 388 1806 :
406 1777 452 1805 Ec
469 1774 611 1816 toujours
629 1775 669 1805 de
687 1775 721 1805 la

148 1819 253 1862 gleire
272 1819 391 1851 evitant
403 1821 434 1851 le
442 1820 571 1858 sentier,
582 1822 634 1852 Ne
646 1820 721 1851 lais-

152 1876 205 1897 εει·
220 1877 326 1896 aucun
351 1879 426 1898 nom
453 1876 486 1898 et
511 1867 630 1898 mom-ir
653 1875 721 1897 tout

154 1913 266 1944 entier.
282 1931 330 1938 —-
348 1914 515 1954 Inulcaque
526 1925 606 1954 pars
630 1911 718 1943 mei:

153 1959 266 1990 melior
275 1971 347 2001 pars
358 1960 508 1998 hominis,
519 1970 619 1998 meus,
629 1961 717 2001 inge-

151 2006 255 2038 nium.
266 2023 312 2030 —·
322 2009 351 2035 V
351 2006 444 2037 itabit
450 2005 624 2036 Libitinam
632 2015 644 2036 .·
658 2008 719 2036 Ve-

152 2062 213 2083 nus
230 2053 368 2084 Libitina
391 2053 558 2083 funeribus
577 2052 722 2093 praeside-

152 2100 225 2138 bat,
245 2106 277 2130 et
298 2100 333 2130 in
355 2099 422 2138 ejus
441 2099 560 2140 templo
582 2098 722 2140 deposita

153 2152 244 2179 eraut
270 2146 377 2176 omnia
402 2156 474 2186 quae
493 2145 532 2175 ad
553 2145 723 2186 sepulturae

154 2198 322 2233 apparatus
348 2192 564 2232 pertinebant,
585 2199 622 2222 ut
642 2191 724 2222 scili-

155 2239 220 2278 cet,
236 2249 273 2269 eo
291 2238 380 2280 ipso,
396 2239 502 2280 inquit
516 2237 721 2276 PlutarchuS,

773 757 950 798 Quaestiou.
974 765 1098 787 roman.
1123 757 1256 795 xxm,
1276 756 1340 787 fra-

773 803 901 844 gilitatis
917 801 1064 832 humauae
1078 801 1322 834 admoneremur
1333 825 1342 842 ,

773 848 860 890 cetto
872 849 1005 879 scientes
1014 849 1135 879 exitum
1144 848 1183 879 ab
1193 855 1267 879 ortu
1275 859 1343 880 non

771 894 888 935 procul
912 894 1034 932 abesse,
1049 892 1123 924 cum
1146 893 1255 925 eadem
1285 894 1344 925 dea

771 940 982 971 morientibus
1000 941 1123 982 praesit,
1138 946 1170 970 et
1183 942 1282 972 vitam
1298 942 1344 972 iu-

771 987 999 1029 gredientibuS.

819 1039 850 1070 4.
862 1030 997 1064 Postera
1009 1033 1106 1064 laude
1121 1044 1132 1064 .·
1146 1032 1240 1064 laude
1256 1032 1343 1075 apud

774 1086 918 1118 posteros
933 1079 972 1109 de
987 1079 1039 1110 die
1062 1080 1098 1110 iu
1121 1079 1206 1110 diem
1221 1090 1344 1121 semper

776 1133 947 1157 crescente.
957 1143 1003 1149 —-
1013 1126 1117 1167 Usque
1123 1136 1235 1157 recens
1242 1136 1255 1156 .·
1262 1136 1307 1156 nu
1311 1136 1344 1156 u-

776 1171 872 1212 quam
887 1174 1195 1202 senescens—Diam
1218 1171 1347 1213 Capito-

774 1217 852 1248 lium
864 1218 1006 1248 Scandec
1020 1228 1089 1247 cum
1099 1215 1200 1249 tacitd
1214 1217 1346 1260 virgine

773 1264 926 1306 Pontifex
934 1275 945 1294 .·
955 1261 1132 1294 dumstabit
1141 1263 1332 1306 Capitolium
1341 1274 1350 1296 ε

773 1310 809 1340 in
830 1315 1038 1351 perpetuum3
1055 1321 1112 1351 per
1126 1310 1260 1340 tacitam
1275 1310 1344 1341 ‘vir-

772 1356 882 1398 ginem
906 1356 1046 1397 intellige
1068 1355 1135 1387 sive
1156 1357 1342 1387 universum

775 1403 951 1433 Vestalium
965 1402 1135 1444 collegium
1157 1413 1228 1443 quae
1248 1404 1343 1434 sacris

776 1449 926 1479 omnibus
977 1448 1236 1488 intercedebant,
1276 1449 1343 1480 sive

777 1506 873 1526 unam
886 1506 926 1526 ex
940 1496 990 1533 iis,
1001 1506 1073 1536 quae
1086 1494 1236 1526 Pontifici
1245 1496 1347 1526 maxi-

775 1552 829 1572 mo
843 1552 928 1572 sacra
947 1541 1072 1572 facturo
1092 1542 1217 1583 semper
1230 1541 1343 1573 asside-

775 1587 849 1626 bat,
882 1598 987 1629 neque
1025 1587 1130 1618 tamen
1167 1588 1343 1629 quidquam

772 1634 860 1675 quod
873 1634 913 1665 ad
931 1644 998 1664 rem
1011 1633 1151 1665 divinam
1159 1635 1343 1675 pertineret,

771 1679 1010 1723 pronuntiabat.

822 1728 853 1758 5.
883 1726 986 1757 Dicar
1002 1738 1013 1756 .·
1036 1736 1110 1767 pars
1138 1726 1218 1757 mihi
1238 1726 1342 1758 laudis

774 1774 852 1812 erit,
868 1773 975 1814 quod,
986 1771 1151 1813 princeps,
1170 1772 1202 1804 h.
1227 1784 1255 1805 e.
1277 1775 1342 1814 pri-

774 1830 862 1856 mus,
886 1820 1024 1849 carmina
1041 1818 1118 1848 olim
1135 1817 1152 1848 a
1168 1819 1296 1860 Sappho
1309 1826 1342 1850 et

772 1865 811 1895 ab
827 1866 951 1903 Alcaeo,
965 1866 1001 1896 iu
1014 1863 1116 1895 insula
1129 1865 1246 1903 Lesbo,
1263 1876 1342 1907 prae-

771 1911 864 1953 cipue'i
898 1911 1016 1943 AEolioe
1047 1911 1149 1952 gentis
1179 1911 1252 1941 sede
1287 1911 1341 1942 de-

771 1965 910 1995 cantata,
937 1959 972 1987 iu
995 1957 1117 1987 Italiam
1139 1957 1338 1989 deduxerim.

770 2006 832 2034 Pro
844 2002 934 2034 Italia
952 2003 1065 2042 autem,
1077 2003 1226 2044 Apuliam
1235 2026 1244 2041 ‚
1254 2004 1340 2034 uude

775 2050 931 2080 oriundus
952 2056 1034 2088 erat,
1059 2059 1116 2090 per
1133 2049 1342 2090 periphrasim

775 2098 929 2136 poeticam
947 2095 1100 2136 designat.
1109 2093 1262 2134 Aufidus,
1280 2095 1342 2126 ho—

775 2142 826 2173 die
839 2142 970 2184 Ofanto‚
983 2141 1133 2182 Apuliam
1147 2141 1256 2180 alluit;
1272 2142 1341 2172 vio—

774 2189 871 2219 lentia
899 2190 964 2227 ejus
991 2185 1100 2217 cursus
1126 2188 1274 2228 graphice
1288 2197 1345 2218 ex-

774 2236 923 2276 primitur
936 2232 1034 2273 iufra‚
1052 2232 1114 2265 Od.
1129 2235 1187 2272 IV,
1208 2239 1246 2270 14
1257 2256 1267 2273 ,
1286 2233 1341 2264 25.
