1456 2508
15 0 232 58 vam-W·-
248 0 266 4 ‚‚

493 143 497 148 ·
528 140 608 173 mn.
633 140 650 170 1
674 140 763 172 omz
787 141 865 172 vu.
1267 148 1311 183 49

93 195 328 249 Alnbiguam
335 196 365 221 ²⁶
385 197 522 237 tellure
540 199 643 236 nova
662 199 855 238 Salamina
873 198 1054 236 futuram.

201 261 237 297 Ο
257 259 394 308 fortes,
415 259 626 312 pejoraque
643 259 787 311 passi²⁷
1280 269 1312 295 30

94 323 249 360 Mecum
267 323 369 374 saepe
387 322 482 370 viri,
501 334 604 360 nunc
623 321 715 359 vino
734 321 866 373 pellite
888 335 1000 360 curas
1023 337 1031 359 :

201 384 296 421 Cras
317 383 449 434 ingens
468 381 695 422 iterabimus
703 382 734 406 2³
751 394 895 433 aequor.
907 400 921 417 »

93 511 174 542 duce
192 519 226 543 ec
241 511 372 553 auspice
400 512 522 542 Teucro
531 523 544 549 ;
563 522 674 542 versus

94 558 266 591 vehemens
276 565 310 590 et
322 559 496 597 animosus,
509 569 576 600 quo
589 558 674 590 lecto

94 605 177 637 redit
193 608 230 638 in
249 608 436 638 memoriam
450 605 576 638 dictum
592 605 674 637 illud

94 654 226 685 Caesaris
240 654 280 685 ad
293 655 414 697 navigii
425 660 585 686 rectorem
599 661 676 684 tem-

92 702 222 743 pestatis
247 702 279 732 vi
305 701 467 742 dejectum
493 711 501 732 :
527 715 543 727 «
563 702 612 733 Ne
637 702 675 732 ti-

93 763 109 775 »
126 759 227 789 meas,
247 749 405 781 Caesarem
419 756 451 781 et
467 749 598 781 Caesaris
612 748 675 779 for-

91 810 109 823 »
125 802 236 828 tunam
251 796 356 828 vehis!
373 812 390 824 a»
406 797 570 838 Repetitio
587 797 674 828 vocis

95 845 126 875 T
122 850 240 876 encra:
245 868 265 876 ..
281 845 402 876 Teucro
415 845 482 875 vim
494 845 610 875 miram
624 844 675 875 ad-

91 889 140 921 dit
160 892 338 923 sententiae.
361 890 592 933 Nequidquam
618 902 674 922 au-

92 945 158 969 tem
172 939 327 971 insudant
340 939 550 981 interpretes,
569 945 606 969 ut
618 950 674 970 ex-

91 986 214 1028 plicent
225 986 291 1029 quii
302 987 427 1019 ratione
440 987 521 1018 Hor.
536 986 674 1017 verbum

93 1035 228 1067 omniuo
241 1037 423 1067 Romanum
433 1057 442 1073 ‚
453 1034 599 1076 auspice,
616 1033 674 1065 ho-

90 1081 172 1112 miui
185 1082 301 1114 Graeco
314 1081 470 1125 praebeat3
489 1081 571 1113 nihil
586 1081 673 1112 enim

92 1129 240 1160 usitatius
261 1131 348 1162 inter
371 1137 481 1172 poetas
503 1127 602 1171 quiam
626 1129 673 1160 lo-

93 1177 241 1208 cutiones
265 1176 284 1208 ὲ
299 1177 448 1210 moribus
462 1177 603 1219 propriis
619 1175 673 1207 de-

91 1230 258 1266 promptas
282 1223 322 1256 ad
347 1235 453 1256 mores
476 1225 674 1266 antiquiores

91 1270 222 1304 referre.
245 1271 459 1304 Condonatur
477 1271 571 1303 facile
591 1272 672 1303 vati-

91 1317 156 1351 bus
184 1317 252 1351 tim
280 1321 374 1362 parvi
402 1320 561 1351 momenti
598 1330 672 1350 ana-

92 1365 305 1400 chronismus.
316 1367 474 1411 Virgilius
482 1368 672 1409 loquentem

91 1415 242 1454 AEneam,
259 1415 454 1457 Troianum,
470 1415 614 1454 inducit,
628 1416 670 1446 si-

729 510 798 542 mili
813 517 959 541 utentem
973 508 1104 541 licentia?-
1116 521 1124 542 :
1136 512 1190 542 Me
1203 511 1314 555 sifizta

730 557 810 589 meis
832 564 1028 599 pateremur
1056 559 1173 590 ducere
1204 559 1309 592 ‘vitam

729 605 902 647 Auspiciis.
915 606 1043 637 AEneid.
1061 607 1118 645 IV,
1137 608 1215 645 340.

779 653 833 684 26.
865 653 1065 696 Ambiguum
1095 655 1271 686 Salamina
1301 668 1313 687 .-

730 700 900 732 constituit
915 701 1001 732 enim
1018 701 1178 734 Salamina
1194 713 1315 735 novam

729 749 764 779 in
779 747 886 778 insula
904 748 1032 791 Cypro,
1057 747 1102 780 itii
1126 757 1164 781 ut
1185 752 1312 792 quoties

729 794 839 837 poste&
873 794 912 826 de
943 796 1100 828 Salamine
1124 808 1231 829 sermo
1255 799 1311 830 ha-

728 842 855 874 hendus
889 851 992 881 esset,
1023 844 1242 886 ambigeretur
1271 858 1311 878 an

730 891 887 929 Atticam,
914 902 955 922 an
979 891 1133 933 Cypriam
1154 893 1314 936 intellige-

730 945 812 970 rent.

778 997 832 1026 27.
848 987 1032 1029 Pejoraque
1043 987 1139 1028 passi
1156 999 1167 1018 :
1183 989 1219 1019 in
1236 991 1312 1020 Tro-

725 1033 799 1073 jana
826 1045 869 1066 sc.
901 1033 1092 1073 obsidione;
1123 1036 1168 1066 sic
1191 1037 1308 1078 Virgu.

728 1081 853 1113 AEneid.
880 1083 915 1121 1,
947 1093 1010 1124 199
1035 1092 1043 1113 ε
1072 1083 1100 1113 0
1118 1083 1215 1124 passi
1233 1095 1310 1126 gra-

728 1140 826 1160 νιονα.

778 1177 833 1207 28.
866 1176 1080 1215 lcerabimus,·
1109 1179 1196 1209 recti:
1230 1189 1309 1211 con-

728 1223 838 1254 eludas
861 1226 980 1255 Teucri
1004 1226 1108 1256 socios
1132 1225 1172 1256 ad
1192 1232 1310 1258 terram

727 1271 912 1314 appulisse,
942 1283 1028 1303 sacra
1043 1296 1051 1310 ,
1079 1279 1116 1303 ut
1149 1273 1308 1313 credunt,

727 1318 861 1350 Herculi
879 1319 1032 1352 facturos.
1047 1322 1124 1352 Post
1138 1321 1223 1352 diem
1239 1322 1311 1353 reli-

726 1368 818 1410 gioni
838 1373 870 1398 et
901 1367 1021 1399 laetitiae
1049 1367 1181 1409 datum,
1212 1380 1308 1401 naves

725 1413 837 1446 rursus
855 1415 1122 1448 conscendemus.

1121 2359 1143 2397 <ST
