1456 2508
4 0 190 100 wssvr
203 0 211 8 -·
235 0 242 2 “
255 0 296 18 *ἡ

11 98 29 108 ν.
45 73 54 98 2¹

16 121 30 131 b:
189 122 194 125 ⁴

530 95 610 128 LIB.
635 96 686 126 111
709 95 797 127 oDE
815 66 881 126 ‘IX-

913 0 927 50 Ι

1248 90 1312 129 267

586 199 829 225 HORATIUS.

314 281 421 332 Quid
439 281 481 321 ⁵?
501 283 534 321 si
551 282 679 334 prisca
697 281 799 319 redit
816 283 947 319 Venus
960 307 973 326 ,

151 344 416 396 Diductosque
429 344 526 396 jugo
545 343 648 394 cogit
663 343 812 380 aheneo
828 343 844 379 P

311 406 353 444 Si
371 405 472 443 flava
489 404 684 443 excutitur
704 403 824 442 Chloe
838 431 849 450 ,

149 467 392 519 Rejectaeque
411 474 518 518 patet
531 466 650 517 janua
667 464 799 515 Lydiae
814 466 830 501 ἱ)
1282 479 1313 496 κο

622 589 778 613 LYDIA.

309 683 552 732 Quamquam
572 680 697 718 sidere
718 679 892 731 pulcrior
913 677 927 700 ⁶

147 743 216 781 Ille
235 752 314 791 est,
334 752 377 781 tu
394 743 518 780 levior
535 741 701 788 cortice,
724 749 763 778 et
784 738 966 791 improbo

310 803 540 842 Iracundior
555 801 721 848 Hadria,

147 868 292 904 Tecum
309 866 442 904 vivere
462 876 586 903 amem
599 893 610 913 ‚
633 872 759 902 tecum
775 861 914 900 obeam
930 861 1066 900 libens.
1278 872 1316 896 ιε

142 1022 175 1055 5.
192 1021 307 1064 Quid?
322 1020 358 1052 Si
371 1020 483 1063 prisca
501 1020 586 1052 redit
608 1023 671 1052 Ve-

92 1073 176 1101 nus?
208 1067 316 1112 Quem
356 1079 432 1099 vera
481 1069 524 1099 sit
567 1075 671 1110 poetae

93 1118 212 1149 comici
239 1116 398 1148 sententia
432 1113 522 1146 nime
558 1122 646 1157 patet
661 1126 669 1148 ε

92 1163 287 1195 Amantium
301 1163 378 1200 ἵνα,
396 1161 519 1193 amoris
533 1162 671 1193 redince-

86 1211 198 1255 gratio
225 1218 295 1248 est;
318 1211 447 1242 Terent.
474 1209 580 1241 Andr.
603 1212 669 1248 IV,

92 1260 132 1298 3,
157 1269 214 1291 ὀ.
248 1257 438 1291 Reconditae
471 1257 669 1299 aliquamdiu

91 1307 210 1338 amm-is
233 1305 401 1344 scintillae,
429 1315 488 1347 per
518 1311 670 1336 mutuum

91 1353 292 1396 colloquium
305 1354 342 1383 in
357 1359 499 1395 apertam
510 1351 671 1383 flammam

90 1407 278 1442 erumpunt.
295 1417 344 1425 —
361 1399 458 1442 Cogit
469 1410 480 1430 :
498 1399 586 1429 recte
599 1401 672 1440 qui-

91 1446 182 1486 dem3
191 1448 330 1479 Veneris
338 1447 423 1478 enim
436 1447 587 1488 potestati
600 1447 672 1488 quis

89 1495 238 1526 resistat?
252 1512 299 1518 —
321 1497 406 1538 lugo
429 1493 552 1524 aheneo
568 1505 579 1524 :
592 1494 671 1535 jugo

66 1553 72 1555 ’
88 1541 320 1574 indissolubili.
339 1544 400 1574 Per
420 1540 502 1572 illud
527 1540 671 1572 vocabu-

88 1588 175 1628 lum,
199 1588 342 1626 abeneo,
361 1599 430 1620 non
451 1588 521 1630 jugi
540 1588 670 1630 pondus

90 1643 146 1667 ant
158 1635 293 1668 durities
304 1660 312 1676 ,
329 1635 385 1667 sed
407 1637 591 1677 perennitas
607 1637 669 1678 sig-

89 1682 254 1716 nificatur.
270 1701 316 1709 »-
331 1683 367 1714 Si
389 1684 481 1725 flava
508 1683 672 1714 excutitur

93 1729 194 1762 Chloe·
209 1741 222 1761 :
243 1730 498 1773 pulcritudinem
518 1730 635 1761 Chloes
651 1731 668 1761 ὲ

89 1778 228 1810 consilio
243 1777 370 1816 laudat,
389 1785 427 1810 ut
460 1778 594 1808 solerter
610 1780 670 1820 Ly-

87 1824 150 1856 diae
169 1825 383 1867 pulcritudini
414 1824 616 1863 blandiatur,
637 1833 670 1855 et

88 1871 213 1904 reditus
235 1870 287 1903 sni
307 1873 449 1916 pretium
474 1879 598 1914 augeat.
612 1874 669 1903 Est

87 1918 184 1951 etiaim
199 1920 235 1950 in
251 1920 354 1952 verbo
368 1919 532 1951 excutitur
544 1919 668 1961 aliquid

87 1966 175 1999 nude
181 1967 283 2010 Lydia
289 1967 528 2010 intelligat,non
535 1968 603 1997 sine
611 1966 668 1997 dif-

86 2013 231 2046 ficultate
246 2015 342 2047 dulce
358 2014 478 2047 Chloe's
493 2015 666 2056 imperium

725 1020 834 1060 abjici,
846 1019 934 1061 quod
943 1020 1046 1062 ipsius
1055 1019 1223 1060 triumpho
1230 1030 1312 1051 non—

724 1068 809 1099 nihil
828 1067 945 1098 addere
963 1066 1312 1108 videtum—Refecto?-

725 1126 788 1157 que
796 1122 895 1156 patet
907 1114 1019 1156 janna
1033 1113 1147 1155 Lydiae
1162 1126 1174 1145 .·
1189 1113 1313 1157 duplex

724 1173 836 1193 sensus
843 1168 890 1193 est
898 1172 906 1193 :
914 1163 940 1193 si
950 1162 1053 1204 Lydia
1062 1172 1159 1203 quam
1167 1173 1226 1204 ego
1237 1163 1314 1202 reje-

725 1220 840 1247 ceram,
852 1209 985 1240 domum
997 1209 1104 1239 tamen
1111 1219 1203 1239 suam
1211 1211 1314 1241 Hora-

724 1258 771 1288 tio
781 1257 895 1287 reduci
911 1255 1024 1288 rursus
1037 1257 1160 1298 aperire
1177 1267 1246 1288 non
1255 1257 1312 1288 de-

723 1304 887 1347 dignetur3
896 1305 959 1343 vel,
967 1305 994 1335 si
1008 1315 1068 1346 ego
1077 1305 1245 1343 Horatius,
1253 1304 1310 1336 do-

725 1363 814 1383 mum
834 1363 937 1383 meam
955 1352 1068 1394 Lydiae
1085 1350 1208 1382 tamdiu
1224 1352 1312 1383 clau-

725 1410 791 1429 sam
803 1422 812 1438 ,
828 1400 891 1440 ipsi
906 1400 1034 1430 veniam
1054 1399 1238 1441 indulgenti
1252 1401 1312 1430 ite-

726 1445 799 1477 rum
823 1458 972 1479 reserem.
986 1447 1096 1479 Multi»
1122 1446 1224 1488 magis
1243 1447 1311 1489 pla-

727 1499 778 1525 cet
792 1495 884 1536 prior
902 1495 1137 1536 interpretatio.

774 1541 807 1572 6.
835 1540 947 1572 Sidere
967 1540 1115 1582 pulcrior
1126 1551 1138 1571 :
1157 1539 1231 1582 plus
1259 1552 1309 1572 va-

724 1589 770 1619 let
799 1587 895 1631 quam
926 1589 1064 1630 simplex
1093 1588 1307 1628 vocabulum,

712 1636 821 1680 flava.
837 1654 885 1660 -
905 1636 1019 1667 Levior
1032 1635 1150 1667 cortice
1164 1647 1175 1666 .·
1191 1635 1308 1667 subere

723 1683 872 1726 (gallice,
891 1684 933 1715 du
953 1683 1037 1726 Ia'e'gc
1046 1684 1071 1726 ).
1091 1701 1140 1708 -—
1155 1683 1307 1724 Improba

724 1730 915 1762 iracundior
927 1729 1060 1762 Hadria
1078 1743 1090 1762 .·
1101 1730 1177 1762 vide
1191 1730 1288 1772 supra
1297 1755 1306 1769 ‚

722 1778 785 1810 Od.
806 1781 840 1817 I,
864 1780 906 1810 33
918 1801 927 1816 ,
948 1779 1000 1811 15.
1018 1797 1065 1802 —-
1082 1781 1199 1809 Tecum
1217 1777 1307 1809 vive-

721 1836 756 1855 re
780 1837 903 1863 amem,
927 1834 1031 1857 tecum
1047 1826 1160 1857 obeam
1177 1825 1279 1856 libens
1294 1838 1305 1856 .·

721 1873 812 1914 quod
829 1881 944 1904 votum
961 1874 1023 1904 sibi
1041 1874 1058 1904 a
1078 1871 1180 1916 Lydia
1196 1874 1306 1914 expri-

721 1921 767 1950 mi
790 1920 886 1964 fingit
908 1922 1081 1960 Horatius,
1103 1921 1142 1952 ad
1161 1920 1305 1951 eamdem

719 1969 811 2008 prior
823 1970 892 2010 ipse
905 1968 1085 2008 direxerat,
1097 1980 1168 2011 sup.
1183 1966 1247 1999 Od.
1265 1969 1281 1998 1
1294 1991 1303 2006 ‚

726 2016 784 2055 13,
805 2017 842 2047 in
861 2015 937 2047 fine.
