1456 2508
491 135 572 166 Lm.
597 134 613 164 1
637 135 725 166 ODE
749 135 876 167 XXVI.

1231 146 1292 175 1⁰7

78 304 734 320 mmmffiffiffissvfissummmnm
739 302 1170 316 ΜΜΜΜΜἋῈΜ
1174 304 1233 316 w·-
1237 303 1296 315 Μ

240 487 392 545 ΟΒΕ
434 483 823 545 VIGESIMA
866 481 1133 542 SEXTA

366 659 453 704 AD
495 656 717 703 AELIUM
758 656 1025 702 LAMIAM.

47 825 62 838 ”
86 824 128 854 Se
151 821 241 854 dulci
264 830 429 852 musarum
451 819 644 851 commercio
666 818 689 849 ὰ
719 817 862 850 civilibus
884 816 968 849 curis
987 816 1059 859 Ῐὰιη
1086 815 1303 854 abstractum,

131 885 234 910 totam
259 883 383 914 artem,
409 873 602 919 ingeniique
626 873 753 916 poetici
782 873 853 905 vim
881 872 1032 905 canendo
1062 870 1152 904 AElio
1180 869 1304 902 Lamia:

132 942 322 966 consecrare
335 931 438 964 velle.

192 1081 319 1117 Mus1s
336 1077 500 1125 amicus,
516 1076 710 1115 tristitiam
722 1079 732 1094 ¹
755 1083 793 1113 et
810 1083 933 1113 metus

191 1141 359 1180 Tradam
376 1140 570 1192 protervis
589 1139 630 1176 in
649 1151 755 1176 mare
775 1138 970 1175 Creticum

250 1204 410 1240 Portare
428 1202 555 1239 ventis
576 1209 586 1224 ²
610 1214 618 1236 ε
639 1200 725 1251 quis
743 1198 816 1238 sub
834 1202 953 1237 Arcto
977 1205 992 1220 ²

297 1265 384 1302 Rex
404 1262 538 1315 gelidae
557 1271 754 1301 metuatur
770 1273 869 1308 orae,

141 1403 171 1424 1.
185 1390 362 1423 Tristitiam
375 1396 410 1421 et
424 1396 527 1421 metus
542 1389 672 1420 tradam

87 1438 242 1482 protervis
274 1437 384 1470 veneis
412 1449 424 1469 .·
459 1437 673 1480 proverbium

89 1487 243 1519 omnibus
262 1486 330 1517 fere
351 1484 504 1528 gentibus
519 1486 674 1515 usitatum

90 1546 158 1577 quo
181 1535 255 1577 quis
274 1544 308 1565 se
327 1544 397 1564 rem
417 1532 598 1575 quamlibet
619 1543 674 1562 ne-

91 1584 211 1664 ffieae
222 1605 231 1621 ,
257 1582 350 1623 parvi
379 1580 521 1624 pendere
550 1580 671 1611 asserit.

159 1632 169 1646 '
184 1624 457 1673 ἀνεμοισιὸὼομεν
474 1624 672 1672 ἀμπλακίην,

93 1677 250 1720 Aponon.
267 1676 376 1708 Rhod.
393 1678 428 1716 1,
454 1676 555 1707 1335.
573 1677 674 1706 Aum-

97 1724 220 1757 Omm'a
242 1723 447 1766 discerpunt,
480 1731 514 1754 et
540 1722 674 1754 nubibus

98 1772 192 1805 inita
209 1771 343 1809 donam,
357 1772 450 1814 Virg.
470 1770 597 1802 AEneid.
614 1771 674 1809 IX,

98 1821 168 1852 313
180 1843 190 1858 ‚
205 1825 239 1850 et
251 1818 383 1862 gallice,
401 1818 528 1861 vulgari
542 1825 574 1849 et
589 1818 677 1849 fami-

95 1867 169 1899 liari
191 1876 339 1897 sermone
359 1875 368 1898 :
397 1873 517 1896 aucant
542 1876 582 1896 en
611 1876 678 1896 em-

93 1921 190 1956 porte
211 1913 244 1944 le
269 1920 362 1945 vent.
377 1931 425 1937 —
443 1913 586 1944 Tradam
599 1923 677 1954 por-

98 1959 402 2004 tare:pro,u·adam
419 1960 458 1991 ad
471 1959 680 2003 portandum,

98 2008 289 2041 hellenismo
297 2006 364 2048 jam
382 2008 466 2050 saepe
485 2006 602 2050 saepius
619 2018 679 2038 no-

100 2062 178 2088 tato.
190 2056 288 2086 -In
306 2065 396 2086 mare
411 2054 568 2087 Creticum
581 2066 592 2085 .·
606 2065 680 2096 pars

100 2109 170 2134 orat
191 2102 292 2146 AEgaei
307 2103 405 2133 maris
414 2125 424 2141 ‚
437 2102 680 2144 tempestatibus

100 2150 245 2183 obnoxia
253 2173 262 2190 ‚
281 2149 443 2193 designata
456 2149 500 2181 ob
511 2149 595 2180 hanc
609 2159 681 2179 cau-

99 2207 168 2229 sam
191 2204 230 2229 ut
257 2197 354 2240 digna
376 2196 467 2229 sedes
488 2197 626 2228 tristitiae
649 2203 682 2227 et

63 2271 68 2277 .
100 2243 222 2284 metus,
237 2244 375 2287 quibus,
390 2243 491 2275 veluti
511 2244 680 2286 procelli5‚

100 2302 191 2325 mens
222 2292 363 2323 humana
399 2291 545 2334 agitatur.
580 2291 682 2323 Porro

726 1387 932 1419 securitatem
963 1384 1051 1415 illam
1088 1383 1128 1414 ad
1156 1385 1308 1415 intimum

727 1447 804 1467 cum
822 1435 926 1466 Musis
944 1433 1175 1464 commercium
1192 1431 1306 1463 refert:

726 1484 802 1515 ideo
820 1480 947 1513 tantum
971 1479 1048 1523 quia
1067 1479 1168 1510 Musis
1184 1478 1310 1510 amicus

728 1539 775 1563 est
786 1555 796 1568 ,
814 1530 855 1562 ab
877 1529 968 1560 omni
987 1527 1176 1571 aegritudine
1197 1533 1230 1558 et
1247 1537 1311 1558 me·

726 1586 763 1611 tu
777 1580 957 1610 immunem
968 1586 1002 1607 se
1020 1573 1206 1618 profitetur.
1312 1581 1315 1582 ’

776 1638 808 1659 2.
830 1624 909 1668 Quis
930 1623 986 1654 sub
1011 1625 1115 1654 Aucto
1128 1634 1140 1654 :
1155 1621 1252 1652 multi
1267 1621 1312 1652 le-

726 1681 808 1718 gunt
823 1672 914 1716 queis
926 1671 979 1702 vel
987 1667 1070 1714 qufs.
1084 1671 1186 1702 Merae
1199 1671 1315 1711 nugael

727 1722 769 1754 ad
802 1718 1045 1763 explanandum
1076 1718 1155 1750 odes
1182 1727 1314 1748 sensum

729 1769 810 1813 quid
823 1767 942 1800 refert?
957 1767 1035 1810 Agit
1047 1773 1145 1809 poeta
1159 1765 1200 1796 de
1214 1763 1314 1796 rebus

729 1818 873 1855 bellicis,
896 1821 928 1846 et
948 1816 1110 1853 externis,
1132 1820 1164 1845 et
1185 1813 1316 1855 longiu-

731 1866 823 1907 quis;
839 1862 950 1894 innuit
971 1873 1004 1893 se
1021 1873 1072 1893 res
1090 1861 1131 1892 ab
1147 1859 1316 1892 affectibus

729 1913 797 1943 suis
814 1912 947 1948 alienas,
962 1910 1039 1940 viris
1050 1909 1191 1953 politicae
1207 1906 1316 1939 addic-

731 1961 773 1991 tis
802 1957 1014 1990 libentissime
1046 1957 1242 1998 relinquere.
1268 1972 1319 1979 —

735 2006 823 2050 Quid
833 2005 1010 2037 Tiridatem
1025 2010 1154 2036 terreat.
1166 2002 1318 2034 Phraate·

733 2055 751 2085 ὲ
766 2053 960 2086 Parthorum
977 2051 1060 2083 solio
1075 2051 1093 2082 a
1110 2050 1254 2082 Tiridate
1266 2050 1319 2081 de-

733 2102 882 2132 turbatus
890 2124 899 2139 ,
914 2110 1004 2130 nunc
1017 2098 1140 2130 auxih'o
1150 2099 1233 2141 regis
1241 2100 1318 2141 Scy-

734 2148 863 2180 tharum
887 2147 989 2177 fretus
1001 2169 1009 2185 ‚
1023 2156 1161 2189 regnum
1179 2156 1317 2188 recupe-

733 2206 804 2226 rare
833 2193 1059 2226 meditabatur.
1082 2204 1115 2224 v.
1139 2192 1180 2223 de
1204 2192 1318 2224 eodem

733 2242 890 2281 Phraam,
906 2241 969 2273 od.
993 2241 1045 2278 11,
1066 2251 1083 2271 2
1097 2264 1106 2279 ,
1128 2250 1180 2279 17.
1199 2239 1317 2271 Reddi-

736 2298 802 2322 tum
822 2289 899 2330 Cyri
915 2287 994 2320 solio
1011 2287 1194 2325 Phraaten,
1214 2294 1246 2318 et
1261 2298 1319 2318 no-
