1456 2508
519 146 598 178 Lm.
623 145 640 176 1
663 145 752 177 omv,
776 145 867 178 x1v.
895 187 901 193 =
1258 146 1299 184 73

245 205 360 246 Fidit.
378 209 438 244 Tu
449 234 459 254 ,
476 204 551 244 nisi
569 203 694 243 ventis

1269 213 1300 237 15

297 267 427 307 Debes
444 266 658 306 ludibrium
675 263 704 312 ⁵,
723 267 833 302 cave!

193 329 330 378 Nuper
347 328 553 366 sollicitum
571 339 657 379 quae
676 325 772 363 mihi
791 324 947 363 taedium
966 326 993 371 ⁶,

192 390 308 429 Nunc
323 387 576 435 desiderium,
596 400 766 437 curaque
785 399 863 424 non
881 386 992 434 levis,

245 450 438 489 Interfusa
453 449 618 487 nitentes
637 455 653 478 '7

295 511 403 550 Vites
422 523 580 562 aequora
596 509 792 561 Cycladas,
1264 529 1296 546 ,ο

86 663 151 684 ma.
163 668 179 680 ›-
189 654 300 685 Senec.
313 652 447 694 Epistol.
458 653 612 690 LXXVI,
628 659 660 682 et

84 700 209 732 Voltur.
231 701 268 730 in
294 697 328 730 ¹⁰
351 701 470 741 poetic.
498 709 594 731 serm.
621 698 661 729 de

84 747 262 790 aequalitate
284 746 526 784 conditionum,
545 747 581 777 in
603 756 662 777 va-

82 794 177 826 riam.
196 803 205 826 :
224 793 441 836 Qu'importe,
470 793 588 835 quand
608 793 663 824 Γο-

82 851 163 884 rage
180 850 202 871 a
217 841 346 872 souleve'
358 841 406 871 les
410 840 514 885 flots,
536 841 606 881 Que
623 847 658 870 ta

75 897 186 929 poupe
212 887 278 918 soit
295 887 409 929 peinte
417 911 428 926 ‚
451 895 490 919 et
514 898 576 929 que
604 894 658 918 ton

82 932 151 966 mdc
167 928 296 976 dlploie
312 936 383 966 Une
399 934 490 965 veile
513 934 554 965 de
563 945 659 976 pour-

74 992 136 1024 pre
149 989 183 1013 ee
194 981 252 1013 des
264 979 373 1013 cdbles
385 981 426 1012 de
438 981 506 1012 soie
515 985 533 1012 θ

130 1029 162 1061 5.
195 1029 272 1060 Nisi
298 1028 411 1061 ventis
444 1029 540 1060 debes
576 1028 658 1059 Iudi-

79 1076 182 1108 brium
198 1087 212 1107 :
225 1076 289 1108 nisi
302 1076 363 1108 tihi
378 1077 473 1107 fatale
487 1078 529 1107 sit
545 1074 564 1107 ὲ
583 1087 660 1107 ven-

80 1125 121 1156 tis
143 1123 326 1163 dilacerari,
351 1122 370 1156 ὲ
392 1123 485 1155 bellis
508 1123 659 1155 civilibus

80 1169 227 1202 funditus
238 1170 364 1203 subrui.
381 1189 428 1195 —-
440 1171 525 1202 Cave
541 1182 552 1201 :
568 1171 659 1212 quod

78 1217 273 1260 prudenter,
290 1218 381 1260 quod
397 1218 536 1249 human&
551 1225 658 1259 potest

78 1263 151 1298 fieri
170 1271 208 1296 ut
228 1271 295 1297 tuae
314 1268 347 1296 te
371 1266 451 1296 sorti
477 1264 653 1305 subducas,

76 1312 189 1344 {altem
201 1322 347 1356 operare.

125 1361 158 1392 6.
174 1362 289 1402 Nuper
297 1359 470 1392 sollicitum
487 1371 561 1402 quoe
574 1358 656 1391 mihi

77 1407 209 1440 toz-dium
215 1419 229 1446 ;
239 1406 376 1439 taedebat
384 1409 567 1447 Horatium,
577 1405 656 1438 dum

76 1454 171 1486 Brun·
192 1462 298 1498 partes
314 1462 461 1494 secutus,
478 1454 601 1486 militiae
617 1455 656 1486 ad

79 1511 175 1544 quam
194 1509 288 1534 natus
306 1512 376 1534 non
390 1509 473 1542 erat,
486 1502 612 1532 labores
625 1509 656 1533 et

78 1549 222 1590 pericula
247 1549 401 1580 toleraret
407 1560 417 1588 ;
445 1560 534 1580 nunc
558 1550 653 1588 verb,

79 1593 155 1627 cum
165 1596 361 1638 Respublica
373 1596 436 1627 sub
445 1597 588 1638 Augusti
600 1598 656 1627 im-

76 1643 260 1684 pufflovires
273 1654 309 1675 ae
323 1644 513 1686 sanguinem
525 1641 656 1675 reficere

77 1689 234 1730 videntur,
247 1701 309 1733 pm
324 1690 543 1722 continuanda
557 1690 656 1730 hujus

76 1746 186 1768 rerum
201 1736 301 1769 sm&
316 1737 466 1770 felicitate
479 1744 554 1768 vota
573 1748 655 1768 nun-

715 656 812 692 cupat
822 674 831 689 ‚
849 661 1005 692 curasque
1017 651 1217 693 gravissimas
1230 664 1295 685 sus-

714 699 810 739 cipit;
825 697 1018 728 desiderium
1038 698 1140 738 enim,
1157 711 1225 731 non
1243 711 1294 732 so-

714 744 783 776 lum
797 745 837 776 de
850 755 959 776 rerum
972 746 1161 778 amissarum
1169 747 1294 787 dolore,

715 792 770 823 sed
798 791 838 823 de
862 792 1062 824 vividissimo
1085 795 1219 837 quoqu&
1249 795 1293 825 af—

716 840 803 870 fectu
815 850 882 881 quo
895 851 963 871 rem
976 839 1114 883 aliquam
1129 842 1293 884 amplecti—

712 898 797 918 mur.
815 889 863 918 Eo
879 897 975 918 sensu
993 887 1139 919 Catullus
1148 889 1293 920 Lesbiam

712 933 908 965 desiderium
937 944 1029 965 sumn
1057 942 1168 975 vocat,
1196 943 1230 967 et
1258 938 1292 967 in

713 982 869 1013 Cicerone
914 981 1050 1024 legimus
1082 991 1090 1013 τ
1135 983 1294 1015 voluntas

712 1036 760 1059 esc
779 1040 854 1071 quoe
871 1028 953 1071 qnid
970 1039 1042 1060 cum
1063 1030 1191 1061 ratione
1213 1031 1293 1063 desi-

714 1076 818 1108 derat.

763 1135 794 1163 7.
809 1124 973 1168 Interfitsa
985 1124 1138 1164 nitentes,
1154 1127 1236 1158 vites
1251 1138 1293 1158 ιε-

712 1182 815 1214 quora
829 1171 913 1214 ficsa
942 1171 1026 1202 inter
1056 1173 1219 1214 Cycladas
1247 1174 1292 1205 ni-

712 1226 823 1251 tentes.
843 1221 935 1250 Vites
952 1229 1025 1260 quae
1042 1220 1104 1251 tibi
1119 1221 1292 1253 imminent

710 1266 863 1309 perleula.
875 1266 978 1298 Porrb
990 1267 1141 1309 Cycladae
1153 1275 1231 1299 sunt
1243 1271 1292 1300 in-

709 1313 787 1344 sulae
803 1315 840 1345 in
858 1316 952 1345 Ionio
975 1315 1073 1354 mari,
1090 1315 1135 1347 sic
1152 1316 1292 1358 appella-

707 1367 764 1400 tae,
781 1361 872 1403 qubd
895 1362 931 1393 in
947 1362 1062 1393 circuli
1075 1362 1214 1394 formam
1230 1363 1291 1395 dis-

709 1410 823 1449 positae
835 1416 922 1440 sunt.
933 1410 1079 1441 Resumit
1089 1410 1271 1453 allegoriam
1281 1423 1289 1450 ;

709 1466 768 1497 per
781 1467 868 1486 mare
880 1455 961 1487 illud
976 1457 1167 1499 naufragum
1189 1465 1221 1489 et
1237 1469 1290 1489 aes-

709 1509 857 1540 mosum,
878 1503 1023 1534 civilium
1050 1503 1289 1537 discussionum

710 1549 830 1580 fluctus
858 1549 1027 1593 siguificat.
1056 1552 1204 1583 Nitentes
1236 1563 1290 1584 au·

710 1603 773 1627 tem
789 1597 910 1628 insulas
923 1597 1002 1628 dicit
1019 1599 1116 1630 niveo
1129 1609 1289 1631 marmore

709 1644 835 1675 nobiles
852 1654 859 1675 :
876 1646 922 1675 sic
937 1647 1015 1676 Stat.
1031 1645 1135 1677 Theb.
1149 1649 1192 1685 V,
1211 1647 1287 1686 182,

709 1693 755 1721 Et
772 1694 893 1730 Paros,
910 1699 944 1723 et
959 1703 1130 1723 nemorosa
1146 1693 1285 1732 Thasos,

709 1738 889 1780 crebraeque
908 1740 1052 1771 relucent
1069 1740 1237 1781 Cyclades.

1135 2366 1154 2397 x]
