1456 2508
528 156 610 187 Lm.
637 155 652 186 1
677 153 765 186 ODE
789 153 882 184 xnt.
1300 148 1345 190 ⁸9

107 294 1041 313 “mmmmmmmmwnmmmmm
1051 293 1112 307 w*
1117 294 1174 306 §⁶⁸¹1
1181 293 1301 306 ”Dm
1306 294 1343 305 ι*

336 472 489 532 ODE
533 470 754 540 NONA
796 468 1124 530 DECIMA.

299 638 332 668 A
359 633 501 678 Glycerd
526 646 560 667 se
586 635 635 666 ad
657 634 790 666 Veneris
817 633 966 667 militiam
991 634 1144 666 revocari.

320 787 464 822 Mum
483 795 584 820 saeva
603 780 840 833 Cupidinum
860 791 885 829 ¹,

158 845 433 897 Thebanaeque
449 844 562 897 jubet
579 858 640 883 me
660 845 827 883 Semeles
847 857 967 896 puer,

322 909 371 946 Et
388 905 532 945 lasciva
547 905 722 944 Licentia

157 968 294 1009 Finitis
313 968 483 1006 animum
502 967 667 1006 reddere
687 965 898 1005 amoribus.

319 1029 410 1068 Urit
428 1041 489 1066 me
504 1029 680 1080 Glycerae
696 1028 802 1065 nitor
820 1036 835 1051 2
1321 1034 1334 1060 s

160 1091 403 1146 Splendentis
418 1091 532 1129 Pario
552 1103 745 1129 marmore
766 1089 902 1141 puriiis
922 1104 930 1126 :

319 1153 410 1192 Urit
428 1161 537 1204 grata
554 1151 788 1204 protervitas
807 1151 838 1199 ³,

159 1216 208 1254 Et
226 1215 355 1253 vultus
374 1213 537 1252 nimisun
554 1213 728 1251 lubricus
747 1211 907 1264 adspici.

319 1278 366 1314 In
386 1288 448 1313 me
467 1283 549 1314 tota
568 1287 685 1313 ruens
703 1276 835 1312 Venus

159 1421 188 1443 1.
222 1411 334 1449 Mater
355 1421 442 1442 saeva
467 1408 659 1452 Cupidinum
678 1422 689 1440 .-

106 1457 177 1490 haec
196 1457 236 1489 de
260 1460 389 1490 Venere
408 1457 604 1500 periphrasis
622 1459 690 1489 Ho-

106 1512 167 1538 rat.
177 1503 319 1537 multiim
328 1505 458 1537 videtur
467 1505 618 1536 arridere.
632 1507 693 1536 De-

107 1552 178 1584 sine
198 1553 338 1584 dulcium
362 1555 474 1584 Macer·
493 1564 578 1584 sceva
596 1552 690 1595 Cupi-

106 1600 235 1632 diuum.
249 1600 312 1634 Od.
328 1602 389 1640 IV,
405 1612 418 1632 x
430 1624 439 1640 ,
452 1607 483 1638 4.
501 1602 626 1632 Saevam
637 1602 691 1640 ju·

107 1656 147 1680 re
166 1655 278 1687 vocat,
301 1658 393 1690 quae,
413 1659 490 1679 eum
516 1649 612 1679 etiam
639 1649 690 1678 in-

108 1697 214 1727 vitum
245 1695 371 1727 desueti
397 1696 514 1727 amoris
543 1696 690 1738 periculo

107 1742 292 1774 obnoxium
305 1743 392 1776 facit.
410 1742 504 1775 Addo
517 1743 606 1785 quod
622 1753 692 1774 non

107 1790 232 1829 suadet,
245 1801 315 1822 non
327 1790 469 1822 molliter
483 1791 619 1829 invitat,
635 1790 691 1822 sed

101 1837 204 1881 jubet.
214 1855 262 1862 -—-·
275 1839 417 1870 Semeles
425 1849 514 1880 puer
526 1849 538 1868 .-
553 1839 692 1869 Semeles

108 1883 216 1925 fliius,
234 1885 391 1918 Bacchus.
406 1887 483 1917 Haec
502 1885 570 1916 duo
586 1887 693 1917 numi-

109 1942 168 1971 na,
184 1942 228 1964 ec.
249 1933 395 1964 Bacchus
419 1940 452 1964 et
473 1935 606 1972 Venus,
624 1945 691 1965 me-

110 1980 175 2011 τίῐὸ
184 1980 512 2020 οοηεοοὶειιιῐιπςπὰηι
522 1980 592 2011 sine
602 1981 694 2012 Libe-

110 2026 251 2070 mfiiget
260 2029 383 2066 Venus,
401 2030 531 2060 Terent.
540 2029 691 2060 Eunuch.

110 2075 176 2113 IV,
198 2075 217 2106 5
228 2098 238 2114 ,
251 2075 285 2107 6.
302 2093 350 2100 —
367 2075 503 2106 Lasciva
517 2076 667 2107 Licentia
681 2088 692 2107 .-

108 2121 208 2154 altera
234 2122 294 2154 dea
313 2122 392 2166 (per
417 2124 593 2154 Licentiam
624 2135 694 2156 uon

110 2179 178 2200 rem
194 2170 332 2212 aliquam
342 2194 352 2209 ,
369 2170 425 2202 sed
443 2182 613 2213 personam
635 2173 695 2215 sig-

109 2215 243 2260 nificat)
263 2218 380 2249 Bacchi
413 2225 446 2249 et
458 2220 594 2250 Veneris
626 2218 691 2250 fida

108 2273 215 2296 eomes
229 2272 261 2296 et
273 2266 400 2298 assecla.
419 2283 468 2291 -—-
484 2266 599 2298 Finitis
616 2266 689 2297 ani-

109 2321 196 2344 mum
214 2313 349 2345 reddere
368 2313 532 2346 amoribus
542 2337 554 2354 ,
570 2313 690 2347 iteriim

744 1410 865 1441 servire
884 1409 1002 1447 amori,
1022 1409 1116 1449 cujus
1140 1409 1253 1452 jugum
1276 1420 1332 1442 ex-

745 1458 881 1489 cussisse
898 1456 1070 1499 gloriabar.
1119 1490 1123 1492 ,

795 1516 826 1537 2.
846 1505 994 1546 Glycerae
1012 1504 1118 1535 nitor:
1134 1503 1222 1535 nitor
1235 1511 1266 1536 et
1286 1505 1333 1536 ηἰ-

746 1560 838 1589 tens,
856 1552 974 1594 passim
993 1551 1032 1583 de
1048 1552 1163 1584 formae
1185 1553 1330 1594 pulcbffl

746 1601 870 1632 tudine.
888 1600 1075 1641 Hylonome
1091 1597 1159 1642 qud
1179 1601 1272 1631 nullu

745 1648 872 1685 tentior,
890 1647 988 1680 Ovid.
1002 1649 1135 1679 Metam.
1150 1649 1232 1686 XII,
1245 1650 1313 1686 405
1326 1661 1335 1682 ε

744 1703 782 1727 ut
798 1696 913 1738 gallice
933 1695 1071 1727 dicimus
1086 1706 1095 1729 ε
1111 1702 1194 1726 cette
1203 1696 1334 1739 femme

745 1755 767 1775 α
792 1744 833 1775 de
857 1743 990 1775 l'e'clat:
1004 1754 1136 1775 sensum
1159 1743 1334 1777 confirmat

745 1802 828 1823 vers.
847 1802 895 1833 sq.

795 1841 825 1870 3.
850 1839 956 1870 Grata
972 1837 1171 1881 protervitas
1185 1850 1198 1870 .·
1221 1843 1333 1873 nescio

745 1887 817 1929 quis
832 1887 963 1918 habitus
973 1910 982 1925 ,
993 1886 1191 1918 vividissimafi
1202 1888 1333 1929 quidem

746 1935 927 1974 alacritate,
947 1946 1017 1966 non
1045 1941 1153 1966 tamen
1178 1935 1334 1968 effrenata

746 1989 778 2013 et
801 1983 967 2025 petulante
992 1983 1207 2024 compositus,
1223 1984 1264 2014 ad
1286 1986 1334 2015 in-

746 2030 936 2072 spirandum
962 2041 1106 2061 amorem
1126 2032 1330 2072 aptissimus:

746 2078 858 2120 gallice
868 2101 877 2116 ‚
889 2078 924 2109 Ia
938 2077 1194 2119 coquetlen‘e.——
1204 2080 1250 2109 Et
1257 2082 1333 2112 vul-

747 2133 797 2156 tus
812 2125 947 2156 nimiicm
964 2125 1103 2156 lubricus
1123 2126 1229 2167 aspici
1240 2138 1252 2157 .·
1266 2129 1334 2169 ple-

747 2175 841 2215 rique
855 2175 1112 2215 interpretantur
1128 2182 1136 2204 z
1153 2173 1263 2205 vultus
1276 2178 1334 2217 qui

745 2232 814 2252 non
829 2221 891 2251 nisi
900 2231 1017 2263 magno
1028 2230 1104 2250 cum
1118 2221 1264 2262 periculo
1277 2234 1332 2265 po-

745 2275 806 2299 test
839 2269 947 2310 aspici.
978 2268 1092 2299 Malim
1123 2269 1303 2312 intelligere
1320 2282 1329 2303 :

743 2315 856 2347 vultus
880 2316 953 2358 qui,
980 2314 1056 2346 ciun
1085 2316 1261 2357 aspicitur,
1281 2320 1330 2350 ni-

1102 2368 1146 2404 8,
