1404 2482
123 123 189 160 334

502 125 542 164 Q.
567 122 750 154 HORATn
773 121 926 154 FLAcm

227 179 403 220 Ostendit
418 181 542 230 ignem
558 179 595 227 ⁵3
612 181 690 231 jam
709 182 882 230 Procyon
902 180 1013 228 furit,

276 244 323 279 Et
337 241 442 278 stella
458 241 588 278 vesani
606 241 742 278 Leonis
753 269 763 287 ‚

331 300 416 338 Sole
434 299 512 337 dies
526 300 712 337 referente
726 300 855 339 siccos.
1274 322 1304 338 ,ο

222 363 306 399 Ιὲη)
322 369 453 411 pastor
472 360 624 398 umbras
642 360 656 382 ⁶
672 374 758 398 cum
778 374 891 412 grege
906 362 1083 412 languido

223 421 438 469 Rivumque
458 420 576 458 fessus
595 420 752 471 quaerit,
768 429 805 457 et
821 420 969 458 horridi

273 481 438 516 Dumeta
454 481 629 528 Sylvani3
646 489 824 529 caretque

325 540 423 590 Ripa
441 540 546 589 vagis
565 540 752 577 taciturna
766 540 899 578 ventis.

223 603 281 638 Tu
293 628 303 647 ‚
323 600 514 637 civitatem
531 600 615 649 quis
635 599 766 638 deceat
779 608 896 638 status
1275 612 1303 635 25

222 663 357 707 Curas,
374 668 411 696 et
428 659 527 697 Urbi
546 659 728 697 sollicitus
739 686 749 705 ‚
766 659 874 696 times

115 785 281 818 dromedes
287 792 385 826 pater
395 783 541 815 Ostendit
555 783 659 826 ignem
667 795 679 814 .·

115 831 240 874 poetice
255 838 391 862 aestatem
401 853 410 869 ‚
428 831 467 861 ab
490 837 564 861 ortu
579 837 609 860 et
625 830 680 861 do-

114 879 287 910 minatione
329 878 516 908 aestivalium
530 876 682 911 „siderum

114 923 430 961 notat.Andromede‚
443 923 555 964 Cephi,
564 923 682 953 AEthio-

112 981 191 1012 pum
219 971 320 1011 regis,
347 978 379 1001 et
404 971 565 1010 Cassiopes
595 967 680 1007 filia,

111 1015 186 1047 cum
209 1017 252 1047 ob
274 1017 382 1046 matris
409 1025 474 1046 suae
501 1014 681 1056 superbiam

111 1062 263 1095 Nereidas
284 1069 315 1093 et
335 1073 440 1093 earum
457 1062 591 1093 formam
616 1072 682 1102 prae

113 1109 169 1139 sua
186 1109 419 1140 contemnentis
429 1132 438 1146 ‚
454 1108 588 1149 scopulo
604 1108 681 1138 fuis—

112 1162 159 1186 set
171 1155 189 1186 ὲ
204 1155 363 1197 Nymphis
379 1155 520 1196 alligata,
532 1161 564 1184 et
577 1165 682 1185 mons·

110 1209 162 1232 tro
180 1203 303 1232 marino
316 1202 458 1242 exposita
467 1224 476 1238 ‚
488 1201 622 1231 liberata
635 1207 682 1230 est

113 1247 131 1279 ἂ
152 1250 288 1287 Perse03
303 1246 431 1278 demum
447 1247 463 1277 ὲ
478 1247 625 1278 Minerva
645 1247 680 1278 in

109 1294 249 1325 §derum
258 1301 347 1336 parte
361 1294 511 1325 collocata
521 1317 529 1331 ‚
540 1295 680 1334 itemque

110 1341 274 1382 Cepheus,
301 1342 358 1382 qui
385 1339 486 1382 prope
524 1341 679 1371 circulum

111 1388 276 1418 Arcticum
290 1387 308 1418 ὲ
329 1394 417 1429 tergo
436 1388 568 1418 minoris
590 1389 679 1418 Ursae

112 1435 321 1474 conspicitur.
359 1435 500 1464 Juvmffc.
524 1451 571 1457 --
600 1435 678 1463 Prc-

110 1489 218 1518 cyon:
251 1487 298 1510 est
328 1480 416 1510 sidus
446 1486 611 1515 constans,
642 1486 679 1509 ut

101 1526 182 1556 -vult
205 1527 376 1568 Keplcrus,
399 1526 495 1556 stellis
518 1527 677 1567 quinque3

109 1580 151 1602 αι
171 1573 287 1613 quibus
307 1581 370 1602 uua
388 1572 528 1601 lucidior
543 1577 679 1602 vocatur

109 1619 209 1648 totius
234 1619 310 1648 astri
336 1618 480 1656 nomine,
509 1620 675 1657 Procyon,

109 1664 175 1694 eive
197 1664 296 1694 Canis
316 1663 430 1701 minor,
454 1671 486 1694 et
516 1670 554 1693 ut
582 1665 678 1694 vertit

109 1712 238 1742 Marcus
253 1711 379 1742 Tullius
388 1733 396 1748 ,
409 1710 586 1740 Antemnis
595 1722 607 1746 ;
617 1710 677 1741 Pli-

111 1758 184 1787 nius
206 1756 395 1788 Caniculam
434 1763 537 1788 vocat.
567 1756 676 1787 Plures

109 1803 215 1834 tamen
243 1803 408 1834 Canicula·
431 1804 560 1833 nomine
583 1803 676 1832 intel-

108 1849 213 1891 ligunt
227 1849 350 1880 stellam
362 1850 518 1891 insignem
529 1872 537 1887 ‚
555 1856 587 1879 et
598 1847 677 1879 fixa-

109 1905 198 1933 rum,
231 1903 269 1926 ut
309 1903 455 1937 apparet,
488 1896 674 1933 maximam,

108 1951 181 1983 quae
209 1942 350 1972 cernitur
380 1943 415 1972 in
444 1941 552 1982 liugn-:1
585 1942 678 1972 Canis

109 1988 254 2027 majoris,
266 1988 354 2029 quod
368 1987 454 2018 sidus
470 1995 515 2018 est
529 1988 677 2028 quintum

107 2037 144 2065 in
162 2035 258 2076 signis
284 2033 374 2066 extra
397 2034 571 2065 Zodiacum
592 2035 676 2064 Aus-

109 2080 243 2111 tralibus
269 2087 301 2110 et
322 2081 439 2111 minori
461 2080 542 2111 Cani
564 2082 674 2122 proxi-

108 2137 208 2157 mum.
222 2128 367 2158 Vocatur
389 2127 484 2168 vulgo
504 2126 572 2157 haec
587 2127 677 2157 stella

111 2172 225 2209 Sirius,
237 2173 278 2203 ad
291 2183 386 2214 quam
399 2172 472 2204 cum
490 2173 538 2204 sol
547 2171 678 2214 propius

110 2219 241 2258 accedit,
251 2221 383 2251 maximi
393 2220 512 2251 calores
526 2220 678 2250 existunt.

733 802 780 808 —
791 785 894 818 Stella
921 785 1024 816 leonis
1039 796 1051 816 :
1065 788 1128 817 Leo
1144 793 1190 817 est
1207 789 1298 828 quiu-

734 838 804 863 tum
830 838 948 864 astrum
979 831 1122 870 Zodiaci,
1155 840 1301 863 constans

734 879 831 910 stellis
853 888 906 915 27.
921 880 960 908 In
975 878 1091 918 quibus
1109 879 1243 920 insignis
1256 887 1302 909 est

734 934 816 964 una,
851 924 935 954 dicta
969 925 1032 955 Cor
1073 925 1204 961 Leonis,
1234 925 1299 955 sive

735 971 872 1012 Regulus
889 981 900 1000 .·
917 969 957 1000 de
984 969 1046 1010 qua
1073 969 1128 1001 hic
1148 972 1299 1002 Horatius

733 1015 879 1057 loquitur
901 1026 910 1047 ε
935 1016 1032 1046 altera
1055 1017 1132 1047 item
1152 1017 1298 1059 insignis,

733 1063 768 1092 in
783 1062 923 1094 extrema}
932 1063 1046 1093 Leonis
1059 1062 1168 1094 caudi..
1178 1065 1227 1094 In.

780 1109 812 1140 6.
823 1109 899 1140 Ιὰνη
911 1116 1024 1149 pascor
1036 1109 1163 1139 umbras
1177 1119 1189 1139 .·
1204 1109 1300 1140 Νἰιησ

733 1154 830 1185 ειίὰιη
842 1155 982 1196 pecudes
997 1155 1167 1186 umbraue
1171 1154 1300 1198 frigora

734 1209 886 1242 capeant;
901 1202 992 1242 Virg.
1011 1202 1119 1242 Eclog.
1140 1202 1190 1239 11,
1205 1202 1236 1233 8.
1253 1218 1301 1226 -—-

731 1249 778 1278 Ec
792 1247 1056 1278 lzorridiDumeca
1070 1246 1204 1287 Sylvani
1210 1258 1222 1278 .·
1234 1248 1300 1278 sive

732 1295 768 1323 in
792 1295 933 1335 genitivo
963 1293 1133 1335 singulari,
1158 1295 1299 1325 Dumeta

731 1341 848 1380 quibus
872 1346 984 1382 praeest
1001 1340 1158 1380 Sylvanus
1167 1363 1178 1378 ‚
1194 1340 1298 1371 dictus

731 1386 782 1416 hic
799 1387 971 1424 horridus,
995 1386 1038 1416 ob
1065 1386 1215 1417 incultam
1238 1388 1299 1417 Dei

732 1434 861 1473 agrestis
899 1433 1033 1463 formam
1047 1443 1056 1471 3
1094 1433 1176 1471 sive,
1210 1432 1299 1474 quod

731 1479 854 1508 mallem
865 1501 873 1517 ,
889 1480 924 1510 in
939 1479 1055 1519 plurali
1076 1480 1296 1520 nominativo,

731 1523 850 1555 horridi
876 1525 1025 1565 Sylvani,
1058 1525 1194 1558 subaud.
1210 1536 1296 1567 quoe—

730 1578 804 1600 runt
823 1571 975 1607 dumeta,
995 1571 1030 1602 id
1057 1578 1104 1602 cst
1130 1581 1297 1602 neruorum

730 1616 800 1647 loca
817 1617 969 1658 vepribus
987 1624 1019 1647 et
1040 1616 1142 1647 dumis
1168 1628 1295 1659 aspera,

730 1673 879 1704 quaeque,
898 1670 935 1694 ut
948 1662 1052 1693 minus
1066 1664 1155 1702 trita,
1170 1663 1296 1694 densio-

729 1709 817 1739 ribus
831 1708 984 1741 ai'borum
994 1710 1088 1740 ramis
1100 1710 1235 1740 calorem
1244 1709 1297 1740 de-

729 1754 874 1787 fendunt.
895 1758 1035 1797 Uterque
1056 1766 1166 1786 sensus
1187 1755 1296 1786 lauda-

729 1801 812 1834 hilis.
831 1820 878 1825 ——
906 1803 1062 1843 Caretque
1084 1801 1168 1843 Ripa
1199 1803 1296 1844 vagis

729 1848 888 1878 taciturna
904 1849 1011 1879 ‘ventis
1025 1859 1035 1878 :
1049 1846 1169 1887 jamdiu
1187 1848 1296 1879 obscr-

728 1901 838 1924 vatum
867 1901 914 1924 est
938 1901 970 1925 et
999 1893 1016 1924 ὲ
1046 1895 1124 1925 viris
1155 1894 1296 1936 physicis

730 1947 888 1978 notatum,
937 1947 1087 1982 regnante
1132 1941 1296 1981 temperiei

728 1986 866 2017 ardentis
894 1993 988 2025 aestu,
1011 1985 1292 2024 ventos,fluctus‚

729 2040 828 2063 totam
860 2033 1006 2074 deniqne²
1027 2039 1172 2063 naturam
1205 2034 1295 2074 quasi

728 2079 832 2109 calore
848 2090 1027 2120 oppressam
1037 2101 1045 2116 ‚
1056 2078 1276 2109 obmutescere
1284 2101 1293 2116 ‚

730 2126 790 2156 nisi
811 2125 892 2156 forte
911 2136 968 2167 per
983 2125 1155 2156 violentam
1169 2125 1294 2166 procel-

728 2172 793 2202 lam
810 2171 828 2202 ὸ
843 2182 957 2203 somno
976 2181 1036 2203 suo
1066 2171 1161 2213 quui.
1177 2171 1293 2202 exuite-

732 2224 795 2250 tur.
