<?xml version="1.0" encoding="UTF-8"?>
<!DOCTYPE html PUBLIC "-//W3C//DTD XHTML 1.0 Transitional//EN"
    "http://www.w3.org/TR/xhtml1/DTD/xhtml1-transitional.dtd">
<html xmlns="http://www.w3.org/1999/xhtml" xml:lang="en" lang="en">
 <head>
  <title>
</title>
<meta http-equiv="Content-Type" content="text/html;charset=utf-8" />
  <meta name='ocr-system' content='tesseract 3.04.00' />
  <meta name='ocr-capabilities' content='ocr_page ocr_carea ocr_par ocr_line ocrx_word'/>
</head>
<body>
  <div class='ocr_page' id='page_1' title='image "./quintushoratiusf01horauoft_0200.png"; bbox 0 0 1456 2508; ppageno 0'>
   <div class='ocr_carea' id='block_1_1' title="bbox 143 144 207 175">
    <p class='ocr_par' dir='ltr' id='par_1_1' title="bbox 143 144 207 175">
     <span class='ocr_line' id='line_1_1' title="bbox 143 144 207 175; baseline 0 0"><span class='ocrx_word' id='word_1_1' title='bbox 143 144 207 175; x_wconf 83' lang='lat'>166</span> 
     </span>
    </p>
   </div>
   <div class='ocr_carea' id='block_1_2' title="bbox 526 142 943 186">
    <p class='ocr_par' dir='ltr' id='par_1_2' title="bbox 526 142 943 186">
     <span class='ocr_line' id='line_1_2' title="bbox 526 142 943 186; baseline -0.007 -10"><span class='ocrx_word' id='word_1_2' title='bbox 526 147 571 186; x_wconf 48' lang='lat' dir='ltr'>Q,</span> <span class='ocrx_word' id='word_1_3' title='bbox 591 143 774 176; x_wconf 62' lang='lat' dir='ltr'>nomm</span> <span class='ocrx_word' id='word_1_4' title='bbox 797 142 943 175; x_wconf 57' lang='lat' dir='ltr'>emec:</span> 
     </span>
    </p>
   </div>
   <div class='ocr_carea' id='block_1_3' title="bbox 458 439 1018 500">
    <p class='ocr_par' dir='ltr' id='par_1_3' title="bbox 458 439 1018 500">
     <span class='ocr_line' id='line_1_3' title="bbox 458 439 1018 500; baseline -0.007 0"><span class='ocrx_word' id='word_1_5' title='bbox 458 444 620 500; x_wconf 91' lang='lat' dir='ltr'>ODE</span> <span class='ocrx_word' id='word_1_6' title='bbox 677 439 1018 500; x_wconf 83' lang='lat' dir='ltr'>SEPTIMA</span> 
     </span>
    </p>
   </div>
   <div class='ocr_carea' id='block_1_4' title="bbox 357 594 1126 642">
    <p class='ocr_par' dir='ltr' id='par_1_4' title="bbox 357 594 1126 642">
     <span class='ocr_line' id='line_1_4' title="bbox 357 594 1126 642; baseline -0.008 0"><span class='ocrx_word' id='word_1_7' title='bbox 357 598 445 642; x_wconf 88' lang='lat' dir='ltr'>AD</span> <span class='ocrx_word' id='word_1_8' title='bbox 478 596 840 642; x_wconf 89' lang='lat' dir='ltr'>POMPEIUM</span> <span class='ocrx_word' id='word_1_9' title='bbox 873 594 1126 639; x_wconf 82' lang='lat' dir='ltr'><strong>VARUM.</strong></span> 
     </span>
    </p>
   </div>
   <div class='ocr_carea' id='block_1_5' title="bbox 148 730 1335 849">
    <p class='ocr_par' dir='ltr' id='par_1_5' title="bbox 148 730 1335 849">
     <span class='ocr_line' id='line_1_5' title="bbox 1322 730 1330 740; baseline 0 0"><span class='ocrx_word' id='word_1_10' title='bbox 1322 730 1330 740; x_wconf 66' lang='grc' dir='ltr'><em>Ο</em></span> 
     </span>
     <span class='ocr_line' id='line_1_6' title="bbox 148 740 1335 790; baseline -0.005 -7"><span class='ocrx_word' id='word_1_11' title='bbox 148 740 366 784; x_wconf 73' lang='grc' dir='ltr'>θοηιιηίἰὶῐδηὶ</span> <span class='ocrx_word' id='word_1_12' title='bbox 381 758 414 782; x_wconf 80' lang='lat' dir='ltr'>et</span> <span class='ocrx_word' id='word_1_13' title='bbox 434 751 538 782; x_wconf 80' lang='lat' dir='ltr'>amico</span> <span class='ocrx_word' id='word_1_14' title='bbox 565 750 699 782; x_wconf 79' lang='lat' dir='ltr'>reditum</span> <span class='ocrx_word' id='word_1_15' title='bbox 729 749 762 780; x_wconf 86' lang='lat' dir='ltr'>in</span> <span class='ocrx_word' id='word_1_16' title='bbox 778 749 920 790; x_wconf 79' lang='lat' dir='ltr'>patriam</span> <span class='ocrx_word' id='word_1_17' title='bbox 938 755 1015 790; x_wconf 82' lang='lat' dir='ltr'>post</span> <span class='ocrx_word' id='word_1_18' title='bbox 1036 747 1125 778; x_wconf 81' lang='lat' dir='ltr'>civile</span> <span class='ocrx_word' id='word_1_19' title='bbox 1144 747 1280 784; x_wconf 83' lang='lat' dir='ltr'>bellum,</span> <span class='ocrx_word' id='word_1_20' title='bbox 1303 754 1335 777; x_wconf 79' lang='lat' dir='ltr'>et</span> 
     </span>
     <span class='ocr_line' id='line_1_7' title="bbox 190 802 1333 849; baseline -0.005 -12"><span class='ocrx_word' id='word_1_21' title='bbox 190 805 334 837; x_wconf 77' lang='lat' dir='ltr'>restituta</span> <span class='ocrx_word' id='word_1_22' title='bbox 355 806 452 849; x_wconf 86' lang='lat' dir='ltr'>jura,</span> <span class='ocrx_word' id='word_1_23' title='bbox 477 813 509 837; x_wconf 82' lang='lat' dir='ltr'>et</span> <span class='ocrx_word' id='word_1_24' title='bbox 530 813 684 836; x_wconf 76' lang='lat' dir='ltr'>assertam</span> <span class='ocrx_word' id='word_1_25' title='bbox 717 804 750 835; x_wconf 83' lang='lat' dir='ltr'>in</span> <span class='ocrx_word' id='word_1_26' title='bbox 768 803 916 846; x_wconf 78' lang='lat' dir='ltr'>ficturum</span> <span class='ocrx_word' id='word_1_27' title='bbox 950 802 1200 835; x_wconf 78' lang='lat' dir='ltr'><em>incolumitatem</em></span> <span class='ocrx_word' id='word_1_28' title='bbox 1225 809 1333 844; x_wconf 78' lang='lat' dir='ltr'>gratu-</span> 
     </span>
    </p>
   </div>
   <div class='ocr_carea' id='block_1_6' title="bbox 190 860 288 893">
    <p class='ocr_par' dir='ltr' id='par_1_6' title="bbox 190 860 288 893">
     <span class='ocr_line' id='line_1_8' title="bbox 190 860 288 893; baseline 0.02 -2"><span class='ocrx_word' id='word_1_29' title='bbox 190 860 288 893; x_wconf 85' lang='lat' dir='ltr'>latur.</span> 
     </span>
    </p>
   </div>
   <div class='ocr_carea' id='block_1_7' title="bbox 251 974 1336 1324">
    <p class='ocr_par' dir='ltr' id='par_1_7' title="bbox 251 974 1336 1324">
     <span class='ocr_line' id='line_1_9' title="bbox 251 974 977 1025; baseline -0.007 -10"><span class='ocrx_word' id='word_1_30' title='bbox 251 980 286 1016; x_wconf 90' lang='lat'>0</span> <span class='ocrx_word' id='word_1_31' title='bbox 302 991 397 1016; x_wconf 59' lang='grc' dir='ltr'>πη</span> <span class='ocrx_word' id='word_1_32' title='bbox 415 990 562 1014; x_wconf 86' lang='lat' dir='ltr'>mecum</span> <span class='ocrx_word' id='word_1_33' title='bbox 581 984 727 1025; x_wconf 88' lang='lat' dir='ltr'>tempus</span> <span class='ocrx_word' id='word_1_34' title='bbox 746 975 784 1012; x_wconf 89' lang='lat' dir='ltr'>in</span> <span class='ocrx_word' id='word_1_35' title='bbox 803 974 977 1012; x_wconf 87' lang='lat' dir='ltr'>ultimum</span> 
     </span>
     <span class='ocr_line' id='line_1_10' title="bbox 251 1035 910 1084; baseline -0.009 -9"><span class='ocrx_word' id='word_1_36' title='bbox 251 1037 423 1075; x_wconf 86' lang='lat' dir='ltr'>Deducte</span> <span class='ocrx_word' id='word_1_37' title='bbox 443 1046 474 1084; x_wconf 90' lang='lat'>¹,</span> <span class='ocrx_word' id='word_1_38' title='bbox 496 1039 613 1073; x_wconf 81' lang='lat' dir='ltr'>Bruto</span> <span class='ocrx_word' id='word_1_39' title='bbox 631 1035 771 1072; x_wconf 80' lang='lat' dir='ltr'>militiae</span> <span class='ocrx_word' id='word_1_40' title='bbox 791 1035 886 1071; x_wconf 88' lang='lat' dir='ltr'>duce</span> <span class='ocrx_word' id='word_1_41' title='bbox 899 1062 910 1080; x_wconf 89' lang='lat'>‚</span> 
     </span>
     <span class='ocr_line' id='line_1_11' title="bbox 303 1094 877 1144; baseline -0.007 -10"><span class='ocrx_word' id='word_1_42' title='bbox 303 1098 397 1144; x_wconf 88' lang='lat' dir='ltr'>Quis</span> <span class='ocrx_word' id='word_1_43' title='bbox 417 1105 454 1133; x_wconf 86' lang='lat' dir='ltr'>te</span> <span class='ocrx_word' id='word_1_44' title='bbox 472 1095 670 1133; x_wconf 84' lang='lat' dir='ltr'>redonavit</span> <span class='ocrx_word' id='word_1_45' title='bbox 687 1094 877 1140; x_wconf 79' lang='lat' dir='ltr'>Quiritem</span> 
     </span>
     <span class='ocr_line' id='line_1_12' title="bbox 354 1154 904 1206; baseline -0.007 -14"><span class='ocrx_word' id='word_1_46' title='bbox 354 1155 586 1206; x_wconf 63' lang='lat' dir='ltr'>Dis—patriis,</span> <span class='ocrx_word' id='word_1_47' title='bbox 603 1155 773 1203; x_wconf 85' lang='lat' dir='ltr'>Italoque</span> <span class='ocrx_word' id='word_1_48' title='bbox 793 1154 904 1198; x_wconf 86' lang='lat' dir='ltr'>coelo,</span> 
     </span>
     <span class='ocr_line' id='line_1_13' title="bbox 251 1212 1336 1265; baseline -0.007 -13"><span class='ocrx_word' id='word_1_49' title='bbox 251 1216 430 1265; x_wconf 86' lang='lat' dir='ltr'>Pompei,</span> <span class='ocrx_word' id='word_1_50' title='bbox 453 1227 621 1251; x_wconf 85' lang='lat' dir='ltr'>meorum</span> <span class='ocrx_word' id='word_1_51' title='bbox 645 1215 764 1263; x_wconf 84' lang='lat' dir='ltr'>prime</span> <span class='ocrx_word' id='word_1_52' title='bbox 785 1212 992 1258; x_wconf 88' lang='lat' dir='ltr'>sodalium,</span> <span class='ocrx_word' id='word_1_53' title='bbox 1322 1219 1336 1244; x_wconf 84' lang='lat'><strong><em>5</em></strong></span> 
     </span>
     <span class='ocr_line' id='line_1_14' title="bbox 253 1271 1026 1324; baseline -0.006 -13"><span class='ocrx_word' id='word_1_54' title='bbox 253 1276 347 1311; x_wconf 88' lang='lat' dir='ltr'>Cum</span> <span class='ocrx_word' id='word_1_55' title='bbox 367 1287 443 1324; x_wconf 86' lang='lat' dir='ltr'>quo</span> <span class='ocrx_word' id='word_1_56' title='bbox 461 1281 670 1310; x_wconf 79' lang='lat' dir='ltr'>morantem</span> <span class='ocrx_word' id='word_1_57' title='bbox 690 1273 787 1322; x_wconf 76' lang='lat' dir='ltr'>saepc</span> <span class='ocrx_word' id='word_1_58' title='bbox 805 1271 903 1309; x_wconf 89' lang='lat' dir='ltr'>diem</span> <span class='ocrx_word' id='word_1_59' title='bbox 922 1282 1026 1307; x_wconf 81' lang='lat' dir='ltr'>mero</span> 
     </span>
    </p>
   </div>
   <div class='ocr_carea' id='block_1_8' title="bbox 151 1403 723 2278">
    <p class='ocr_par' dir='ltr' id='par_1_8' title="bbox 151 1403 723 2278">
     <span class='ocr_line' id='line_1_15' title="bbox 201 1403 717 1446; baseline -0.008 -10"><span class='ocrx_word' id='word_1_60' title='bbox 201 1415 229 1436; x_wconf 86' lang='lat'>1.</span> <span class='ocrx_word' id='word_1_61' title='bbox 249 1406 383 1446; x_wconf 83' lang='lat' dir='ltr'>Tempus</span> <span class='ocrx_word' id='word_1_62' title='bbox 395 1403 426 1434; x_wconf 86' lang='grc' dir='ltr'>ἱη</span> <span class='ocrx_word' id='word_1_63' title='bbox 442 1403 586 1434; x_wconf 80' lang='lat' dir='ltr'>ultimum</span> <span class='ocrx_word' id='word_1_64' title='bbox 604 1403 717 1433; x_wconf 78' lang='lat' dir='ltr'>deduc-</span> 
     </span>
     <span class='ocr_line' id='line_1_16' title="bbox 151 1451 716 1492; baseline -0.007 -9"><span class='ocrx_word' id='word_1_65' title='bbox 151 1459 182 1483; x_wconf 87' lang='lat' dir='ltr'>te</span> <span class='ocrx_word' id='word_1_66' title='bbox 196 1463 207 1482; x_wconf 91' lang='lat'>.·</span> <span class='ocrx_word' id='word_1_67' title='bbox 220 1452 276 1492; x_wconf 86' lang='lat' dir='ltr'>qui</span> <span class='ocrx_word' id='word_1_68' title='bbox 290 1453 419 1481; x_wconf 87' lang='lat' dir='ltr'>summis</span> <span class='ocrx_word' id='word_1_69' title='bbox 431 1451 578 1491; x_wconf 83' lang='lat' dir='ltr'>periculis</span> <span class='ocrx_word' id='word_1_70' title='bbox 591 1460 716 1480; x_wconf 87' lang='lat' dir='ltr'>meeum</span> 
     </span>
     <span class='ocr_line' id='line_1_17' title="bbox 153 1495 722 1529; baseline -0.007 -1"><span class='ocrx_word' id='word_1_71' title='bbox 153 1499 240 1529; x_wconf 81' lang='lat' dir='ltr'>fuisti</span> <span class='ocrx_word' id='word_1_72' title='bbox 263 1498 436 1528; x_wconf 85' lang='lat' dir='ltr'>obnoxius.</span> <span class='ocrx_word' id='word_1_73' title='bbox 456 1515 502 1520; x_wconf 91' lang='lat'>—</span> <span class='ocrx_word' id='word_1_74' title='bbox 516 1498 614 1526; x_wconf 78' lang='lat' dir='ltr'>Bruto</span> <span class='ocrx_word' id='word_1_75' title='bbox 641 1495 722 1525; x_wconf 82' lang='lat' dir='ltr'>mili-</span> 
     </span>
     <span class='ocr_line' id='line_1_18' title="bbox 152 1543 721 1579; baseline -0.007 -4"><span class='ocrx_word' id='word_1_76' title='bbox 152 1545 208 1576; x_wconf 81' lang='lat' dir='ltr'>tiae</span> <span class='ocrx_word' id='word_1_77' title='bbox 221 1544 300 1574; x_wconf 80' lang='lat' dir='ltr'>duce</span> <span class='ocrx_word' id='word_1_78' title='bbox 315 1555 326 1574; x_wconf 91' lang='lat'>.·</span> <span class='ocrx_word' id='word_1_79' title='bbox 342 1546 458 1574; x_wconf 83' lang='lat' dir='ltr'>Brutus</span> <span class='ocrx_word' id='word_1_80' title='bbox 473 1550 503 1573; x_wconf 88' lang='lat' dir='ltr'>et</span> <span class='ocrx_word' id='word_1_81' title='bbox 515 1543 648 1579; x_wconf 84' lang='lat' dir='ltr'>Cassius,</span> <span class='ocrx_word' id='word_1_82' title='bbox 660 1545 721 1572; x_wconf 80' lang='lat' dir='ltr'>Ro-</span> 
     </span>
     <span class='ocr_line' id='line_1_19' title="bbox 153 1589 719 1629; baseline -0.005 -8"><span class='ocrx_word' id='word_1_83' title='bbox 153 1591 239 1622; x_wconf 81' lang='lat' dir='ltr'>mani</span> <span class='ocrx_word' id='word_1_84' title='bbox 269 1597 427 1620; x_wconf 84' lang='lat' dir='ltr'>senatores</span> <span class='ocrx_word' id='word_1_85' title='bbox 440 1612 449 1627; x_wconf 92' lang='lat'>,</span> <span class='ocrx_word' id='word_1_86' title='bbox 480 1589 639 1629; x_wconf 84' lang='lat' dir='ltr'><strong>principes</strong></span> <span class='ocrx_word' id='word_1_87' title='bbox 666 1598 719 1618; x_wconf 84' lang='lat' dir='ltr'>eo-</span> 
     </span>
     <span class='ocr_line' id='line_1_20' title="bbox 153 1635 721 1676; baseline -0.007 -9"><span class='ocrx_word' id='word_1_88' title='bbox 153 1647 225 1668; x_wconf 89' lang='lat' dir='ltr'>rum</span> <span class='ocrx_word' id='word_1_89' title='bbox 249 1635 381 1666; x_wconf 69' lang='lat' dir='ltr'>extitere</span> <span class='ocrx_word' id='word_1_90' title='bbox 393 1658 402 1672; x_wconf 94' lang='lat'>‚</span> <span class='ocrx_word' id='word_1_91' title='bbox 423 1636 479 1676; x_wconf 90' lang='lat' dir='ltr'>qui</span> <span class='ocrx_word' id='word_1_92' title='bbox 506 1635 657 1666; x_wconf 80' lang='lat' dir='ltr'>Caesarem</span> <span class='ocrx_word' id='word_1_93' title='bbox 686 1635 721 1663; x_wconf 90' lang='lat' dir='ltr'>in</span> 
     </span>
     <span class='ocr_line' id='line_1_21' title="bbox 153 1680 723 1723; baseline -0.009 -9"><span class='ocrx_word' id='word_1_94' title='bbox 153 1681 249 1715; x_wconf 65' lang='lat' dir='ltr'>Curia</span> <span class='ocrx_word' id='word_1_95' title='bbox 259 1688 493 1723; x_wconf 79' lang='lat' dir='ltr'>percusserunt.</span> <span class='ocrx_word' id='word_1_96' title='bbox 510 1682 545 1710; x_wconf 87' lang='lat' dir='ltr'>Iu</span> <span class='ocrx_word' id='word_1_97' title='bbox 557 1691 620 1717; x_wconf 79' lang='lat' dir='ltr'>eos,</span> <span class='ocrx_word' id='word_1_98' title='bbox 637 1680 723 1710; x_wconf 86' lang='lat' dir='ltr'>ultor</span> 
     </span>
     <span class='ocr_line' id='line_1_22' title="bbox 152 1726 721 1763; baseline -0.011 -3"><span class='ocrx_word' id='word_1_99' title='bbox 152 1729 188 1760; x_wconf 93' lang='lat' dir='ltr'>C.</span> <span class='ocrx_word' id='word_1_100' title='bbox 199 1730 220 1760; x_wconf 88' lang='lat' dir='ltr'>J</span> <span class='ocrx_word' id='word_1_101' title='bbox 223 1728 279 1758; x_wconf 86' lang='lat' dir='ltr'>ulii</span> <span class='ocrx_word' id='word_1_102' title='bbox 291 1729 419 1759; x_wconf 85' lang='lat' dir='ltr'>Caesaris</span> <span class='ocrx_word' id='word_1_103' title='bbox 428 1728 591 1763; x_wconf 81' lang='lat' dir='ltr'>Octavius,</span> <span class='ocrx_word' id='word_1_104' title='bbox 603 1726 721 1755; x_wconf 86' lang='lat' dir='ltr'>bellum</span> 
     </span>
     <span class='ocr_line' id='line_1_23' title="bbox 153 1772 720 1814; baseline -0.009 -9"><span class='ocrx_word' id='word_1_105' title='bbox 153 1775 264 1811; x_wconf 68' lang='lat' dir='ltr'>movit,</span> <span class='ocrx_word' id='word_1_106' title='bbox 293 1772 463 1805; x_wconf 55' lang='lat' dir='ltr'>Commissa</span> <span class='ocrx_word' id='word_1_107' title='bbox 484 1773 584 1814; x_wconf 77' lang='lat' dir='ltr'>prope</span> <span class='ocrx_word' id='word_1_108' title='bbox 602 1772 720 1812; x_wconf 89' lang='lat' dir='ltr'><strong>Philip-</strong></span> 
     </span>
     <span class='ocr_line' id='line_1_24' title="bbox 152 1818 721 1863; baseline -0.007 -12"><span class='ocrx_word' id='word_1_109' title='bbox 152 1831 228 1863; x_wconf 87' lang='lat' dir='ltr'>pos,</span> <span class='ocrx_word' id='word_1_110' title='bbox 257 1820 369 1850; x_wconf 86' lang='lat' dir='ltr'>urbem</span> <span class='ocrx_word' id='word_1_111' title='bbox 395 1820 561 1850; x_wconf 76' lang='lat' dir='ltr'>Thessalia:</span> <span class='ocrx_word' id='word_1_112' title='bbox 572 1841 580 1854; x_wconf 85' lang='lat'>‚</span> <span class='ocrx_word' id='word_1_113' title='bbox 596 1818 700 1859; x_wconf 71' lang='lat' dir='ltr'>pugna</span> <span class='ocrx_word' id='word_1_114' title='bbox 712 1841 721 1855; x_wconf 90' lang='lat'>‚</span> 
     </span>
     <span class='ocr_line' id='line_1_25' title="bbox 152 1865 722 1908; baseline -0.007 -11"><span class='ocrx_word' id='word_1_115' title='bbox 152 1869 188 1898; x_wconf 89' lang='lat' dir='ltr'>in</span> <span class='ocrx_word' id='word_1_116' title='bbox 212 1865 274 1908; x_wconf 67' lang='lat' dir='ltr'>qua</span> <span class='ocrx_word' id='word_1_117' title='bbox 293 1866 441 1896; x_wconf 86' lang='lat' dir='ltr'>tribunus</span> <span class='ocrx_word' id='word_1_118' title='bbox 464 1865 601 1894; x_wconf 77' lang='lat' dir='ltr'>milituln</span> <span class='ocrx_word' id='word_1_119' title='bbox 626 1866 722 1894; x_wconf 85' lang='lat' dir='ltr'>Hora-</span> 
     </span>
     <span class='ocr_line' id='line_1_26' title="bbox 153 1910 722 1954; baseline -0.009 -10"><span class='ocrx_word' id='word_1_120' title='bbox 153 1914 217 1944; x_wconf 84' lang='lat' dir='ltr'>tius</span> <span class='ocrx_word' id='word_1_121' title='bbox 234 1912 389 1954; x_wconf 78' lang='lat' dir='ltr'>stipendia</span> <span class='ocrx_word' id='word_1_122' title='bbox 413 1912 565 1946; x_wconf 76' lang='lat' dir='ltr'>faciebat,</span> <span class='ocrx_word' id='word_1_123' title='bbox 585 1911 651 1950; x_wconf 86' lang='lat' dir='ltr'>ipse</span> <span class='ocrx_word' id='word_1_124' title='bbox 670 1910 722 1940; x_wconf 81' lang='lat' dir='ltr'>ab·</span> 
     </span>
     <span class='ocr_line' id='line_1_27' title="bbox 151 1958 720 1999; baseline -0.009 -9"><span class='ocrx_word' id='word_1_125' title='bbox 151 1960 242 1999; x_wconf 77' lang='lat' dir='ltr'><strong>jectis</strong></span> <span class='ocrx_word' id='word_1_126' title='bbox 277 1960 389 1995; x_wconf 85' lang='lat' dir='ltr'>armis,</span> <span class='ocrx_word' id='word_1_127' title='bbox 418 1958 515 1999; x_wconf 81' lang='lat' dir='ltr'>fugit;</span> <span class='ocrx_word' id='word_1_128' title='bbox 546 1958 662 1986; x_wconf 82' lang='lat' dir='ltr'>Brutus</span> <span class='ocrx_word' id='word_1_129' title='bbox 688 1963 720 1986; x_wconf 88' lang='lat' dir='ltr'>et</span> 
     </span>
     <span class='ocr_line' id='line_1_28' title="bbox 155 2002 721 2046; baseline -0.009 -10"><span class='ocrx_word' id='word_1_130' title='bbox 155 2006 278 2037; x_wconf 86' lang='lat' dir='ltr'>Cassius</span> <span class='ocrx_word' id='word_1_131' title='bbox 290 2004 412 2046; x_wconf 61' lang='lat' dir='ltr'>periere</span> <span class='ocrx_word' id='word_1_132' title='bbox 423 2027 431 2042; x_wconf 90' lang='lat'>‚</span> <span class='ocrx_word' id='word_1_133' title='bbox 445 2014 528 2033; x_wconf 85' lang='lat' dir='ltr'>anno</span> <span class='ocrx_word' id='word_1_134' title='bbox 542 2004 582 2032; x_wconf 91' lang='lat' dir='ltr'>U.</span> <span class='ocrx_word' id='word_1_135' title='bbox 595 2002 630 2032; x_wconf 94' lang='lat' dir='ltr'>C.</span> <span class='ocrx_word' id='word_1_136' title='bbox 645 2013 659 2040; x_wconf 89' lang='lat'><strong>7</strong></span> <span class='ocrx_word' id='word_1_137' title='bbox 670 2013 682 2031; x_wconf 87' lang='lat'>1</span> <span class='ocrx_word' id='word_1_138' title='bbox 691 2012 721 2032; x_wconf 85' lang='lat'>2.</span> 
     </span>
     <span class='ocr_line' id='line_1_29' title="bbox 154 2051 723 2092; baseline -0.004 -11"><span class='ocrx_word' id='word_1_139' title='bbox 154 2070 200 2076; x_wconf 92' lang='lat'>--</span> <span class='ocrx_word' id='word_1_140' title='bbox 216 2051 369 2092; x_wconf 76' lang='lat' dir='ltr'>Quiritem</span> <span class='ocrx_word' id='word_1_141' title='bbox 385 2061 396 2080; x_wconf 89' lang='lat'><em>:</em></span> <span class='ocrx_word' id='word_1_142' title='bbox 413 2051 513 2080; x_wconf 88' lang='lat' dir='ltr'>civem</span> <span class='ocrx_word' id='word_1_143' title='bbox 530 2051 723 2079; x_wconf 86' lang='lat' dir='ltr'>Romanum.</span> 
     </span>
     <span class='ocr_line' id='line_1_30' title="bbox 154 2095 723 2137; baseline -0.009 -9"><span class='ocrx_word' id='word_1_144' title='bbox 154 2098 282 2135; x_wconf 82' lang='lat' dir='ltr'>Sabini,</span> <span class='ocrx_word' id='word_1_145' title='bbox 299 2097 396 2127; x_wconf 76' lang='lat' dir='ltr'>Italiae</span> <span class='ocrx_word' id='word_1_146' title='bbox 424 2096 554 2137; x_wconf 87' lang='lat' dir='ltr'>populi,</span> <span class='ocrx_word' id='word_1_147' title='bbox 579 2095 723 2131; x_wconf 86' lang='lat' dir='ltr'>Curites,</span> 
     </span>
     <span class='ocr_line' id='line_1_31' title="bbox 153 2141 721 2184; baseline -0.009 -10"><span class='ocrx_word' id='word_1_148' title='bbox 153 2145 206 2175; x_wconf 85' lang='lat' dir='ltr'>vel</span> <span class='ocrx_word' id='word_1_149' title='bbox 222 2145 362 2184; x_wconf 85' lang='lat' dir='ltr'>Quirites</span> <span class='ocrx_word' id='word_1_150' title='bbox 380 2143 455 2173; x_wconf 82' lang='lat' dir='ltr'>olim</span> <span class='ocrx_word' id='word_1_151' title='bbox 470 2141 721 2182; x_wconf 74' lang='lat' dir='ltr'>appellabantur,</span> 
     </span>
     <span class='ocr_line' id='line_1_32' title="bbox 154 2185 720 2228; baseline -0.009 -8"><span class='ocrx_word' id='word_1_152' title='bbox 154 2190 172 2220; x_wconf 69' lang='lat' dir='ltr'>a</span> <span class='ocrx_word' id='word_1_153' title='bbox 182 2190 320 2222; x_wconf 84' lang='lat' dir='ltr'>Cu&#39;ribus</span> <span class='ocrx_word' id='word_1_154' title='bbox 328 2213 336 2228; x_wconf 89' lang='lat'><strong>‚</strong></span> <span class='ocrx_word' id='word_1_155' title='bbox 351 2200 462 2219; x_wconf 88' lang='lat' dir='ltr'>eorum</span> <span class='ocrx_word' id='word_1_156' title='bbox 471 2188 550 2218; x_wconf 87' lang='lat' dir='ltr'>urbe</span> <span class='ocrx_word' id='word_1_157' title='bbox 561 2185 720 2227; x_wconf 71' lang='lat' dir='ltr'>primaria,</span> 
     </span>
     <span class='ocr_line' id='line_1_33' title="bbox 153 2230 722 2278; baseline -0.009 -11"><span class='ocrx_word' id='word_1_158' title='bbox 153 2238 220 2268; x_wconf 77' lang='lat' dir='ltr'>sive</span> <span class='ocrx_word' id='word_1_159' title='bbox 236 2235 323 2278; x_wconf 62' lang='lat' dir='ltr'>qued</span> <span class='ocrx_word' id='word_1_160' title='bbox 344 2235 448 2274; x_wconf 87' lang='lat' dir='ltr'>hasta,</span> <span class='ocrx_word' id='word_1_161' title='bbox 468 2233 530 2277; x_wconf 67' lang='lat' dir='ltr'>qua</span> <span class='ocrx_word' id='word_1_162' title='bbox 545 2230 722 2275; x_wconf 75' lang='lat' dir='ltr'>plurimum</span> 
     </span>
    </p>
   </div>
   <div class='ocr_carea' id='block_1_9' title="bbox 767 1398 1344 2269">
    <p class='ocr_par' dir='ltr' id='par_1_9' title="bbox 767 1398 1344 2269">
     <span class='ocr_line' id='line_1_34' title="bbox 767 1398 1333 1441; baseline -0.009 -8"><span class='ocrx_word' id='word_1_163' title='bbox 767 1402 958 1439; x_wconf 84' lang='lat' dir='ltr'>utebantur,</span> <span class='ocrx_word' id='word_1_164' title='bbox 976 1399 1075 1441; x_wconf 76' lang='lat' dir='ltr'>quiris</span> <span class='ocrx_word' id='word_1_165' title='bbox 1100 1409 1210 1429; x_wconf 85' lang='lat' dir='ltr'>eorum</span> <span class='ocrx_word' id='word_1_166' title='bbox 1225 1398 1333 1441; x_wconf 69' lang='lat' dir='ltr'>lingua</span> 
     </span>
     <span class='ocr_line' id='line_1_35' title="bbox 771 1445 1335 1478; baseline -0.007 0"><span class='ocrx_word' id='word_1_167' title='bbox 771 1448 938 1478; x_wconf 80' lang='lat' dir='ltr'>diceretur.</span> <span class='ocrx_word' id='word_1_168' title='bbox 967 1445 1032 1477; x_wconf 75' lang='lat' dir='ltr'>Diu</span> <span class='ocrx_word' id='word_1_169' title='bbox 1072 1456 1145 1475; x_wconf 87' lang='lat' dir='ltr'>cum</span> <span class='ocrx_word' id='word_1_170' title='bbox 1186 1452 1335 1475; x_wconf 87' lang='lat' dir='ltr'>nascente</span> 
     </span>
     <span class='ocr_line' id='line_1_36' title="bbox 772 1490 1335 1529; baseline -0.009 -4"><span class='ocrx_word' id='word_1_171' title='bbox 772 1494 873 1525; x_wconf 67' lang='lat' dir='ltr'>Roma</span> <span class='ocrx_word' id='word_1_172' title='bbox 886 1495 971 1523; x_wconf 79' lang='lat' dir='ltr'>vario</span> <span class='ocrx_word' id='word_1_173' title='bbox 988 1492 1072 1522; x_wconf 83' lang='lat' dir='ltr'>bello</span> <span class='ocrx_word' id='word_1_174' title='bbox 1086 1490 1269 1529; x_wconf 81' lang='lat' dir='ltr'>conflictati,</span> <span class='ocrx_word' id='word_1_175' title='bbox 1283 1491 1335 1521; x_wconf 78' lang='lat' dir='ltr'>de-</span> 
     </span>
     <span class='ocr_line' id='line_1_37' title="bbox 775 1537 1339 1579; baseline -0.007 -9"><span class='ocrx_word' id='word_1_176' title='bbox 775 1539 864 1570; x_wconf 77' lang='lat' dir='ltr'>mum</span> <span class='ocrx_word' id='word_1_177' title='bbox 878 1539 960 1569; x_wconf 71' lang='lat' dir='ltr'>icere</span> <span class='ocrx_word' id='word_1_178' title='bbox 976 1538 1078 1568; x_wconf 85' lang='lat' dir='ltr'>foedus</span> <span class='ocrx_word' id='word_1_179' title='bbox 1095 1537 1129 1567; x_wconf 72' lang='lat' dir='ltr'>ea</span> <span class='ocrx_word' id='word_1_180' title='bbox 1148 1537 1215 1579; x_wconf 85' lang='lat' dir='ltr'>lege</span> <span class='ocrx_word' id='word_1_181' title='bbox 1226 1559 1234 1575; x_wconf 96' lang='lat'>,</span> <span class='ocrx_word' id='word_1_182' title='bbox 1254 1544 1290 1567; x_wconf 83' lang='lat' dir='ltr'>ut</span> <span class='ocrx_word' id='word_1_183' title='bbox 1304 1537 1339 1567; x_wconf 84' lang='lat' dir='ltr'>in</span> 
     </span>
     <span class='ocr_line' id='line_1_38' title="bbox 773 1584 1340 1626; baseline -0.007 -11"><span class='ocrx_word' id='word_1_184' title='bbox 773 1597 874 1615; x_wconf 90' lang='lat' dir='ltr'>unum</span> <span class='ocrx_word' id='word_1_185' title='bbox 893 1585 1048 1626; x_wconf 88' lang='lat' dir='ltr'>populum</span> <span class='ocrx_word' id='word_1_186' title='bbox 1062 1584 1123 1624; x_wconf 81' lang='lat' dir='ltr'>ipsi</span> <span class='ocrx_word' id='word_1_187' title='bbox 1140 1584 1340 1623; x_wconf 82' lang='lat' dir='ltr'>Romanique</span> 
     </span>
     <span class='ocr_line' id='line_1_39' title="bbox 775 1629 1338 1669; baseline -0.007 -8"><span class='ocrx_word' id='word_1_188' title='bbox 775 1632 1002 1667; x_wconf 86' lang='lat' dir='ltr'>coalescerent,</span> <span class='ocrx_word' id='word_1_189' title='bbox 1021 1641 1057 1660; x_wconf 81' lang='lat' dir='ltr'>ac</span> <span class='ocrx_word' id='word_1_190' title='bbox 1089 1639 1204 1658; x_wconf 90' lang='lat' dir='ltr'>nomen</span> <span class='ocrx_word' id='word_1_191' title='bbox 1229 1629 1338 1669; x_wconf 83' lang='lat' dir='ltr'>Quiri-</span> 
     </span>
     <span class='ocr_line' id='line_1_40' title="bbox 777 1676 1342 1708; baseline -0.009 0"><span class='ocrx_word' id='word_1_192' title='bbox 777 1679 855 1708; x_wconf 85' lang='lat' dir='ltr'>tium</span> <span class='ocrx_word' id='word_1_193' title='bbox 872 1678 1007 1708; x_wconf 85' lang='lat' dir='ltr'>Romani</span> <span class='ocrx_word' id='word_1_194' title='bbox 1023 1676 1241 1706; x_wconf 78' lang='lat' dir='ltr'>adsciscerent.</span> <span class='ocrx_word' id='word_1_195' title='bbox 1253 1677 1342 1705; x_wconf 88' lang='lat' dir='ltr'>Pom-</span> 
     </span>
     <span class='ocr_line' id='line_1_41' title="bbox 774 1720 1338 1764; baseline -0.009 -10"><span class='ocrx_word' id='word_1_196' title='bbox 774 1725 864 1764; x_wconf 85' lang='lat' dir='ltr'>peius</span> <span class='ocrx_word' id='word_1_197' title='bbox 883 1724 936 1753; x_wconf 76' lang='lat' dir='ltr'>ille</span> <span class='ocrx_word' id='word_1_198' title='bbox 954 1725 1072 1759; x_wconf 84' lang='lat' dir='ltr'>Varus,</span> <span class='ocrx_word' id='word_1_199' title='bbox 1089 1720 1128 1751; x_wconf 77' lang='lat' dir='ltr'>ad</span> <span class='ocrx_word' id='word_1_200' title='bbox 1153 1731 1249 1761; x_wconf 87' lang='lat' dir='ltr'>quem</span> <span class='ocrx_word' id='word_1_201' title='bbox 1271 1722 1338 1750; x_wconf 86' lang='lat' dir='ltr'>Ho-</span> 
     </span>
     <span class='ocr_line' id='line_1_42' title="bbox 775 1766 1341 1806; baseline -0.009 -6"><span class='ocrx_word' id='word_1_202' title='bbox 775 1772 871 1800; x_wconf 83' lang='lat' dir='ltr'>ratius</span> <span class='ocrx_word' id='word_1_203' title='bbox 899 1769 1025 1806; x_wconf 85' lang='lat' dir='ltr'>scribit,</span> <span class='ocrx_word' id='word_1_204' title='bbox 1052 1768 1176 1798; x_wconf 83' lang='lat' dir='ltr'>veniam</span> <span class='ocrx_word' id='word_1_205' title='bbox 1206 1766 1245 1797; x_wconf 84' lang='lat' dir='ltr'>ab</span> <span class='ocrx_word' id='word_1_206' title='bbox 1271 1767 1341 1796; x_wconf 82' lang='lat' dir='ltr'>Au-</span> 
     </span>
     <span class='ocr_line' id='line_1_43' title="bbox 769 1811 1343 1856; baseline -0.009 -10"><span class='ocrx_word' id='word_1_207' title='bbox 769 1823 868 1856; x_wconf 86' lang='lat' dir='ltr'>-gusto</span> <span class='ocrx_word' id='word_1_208' title='bbox 878 1838 886 1853; x_wconf 89' lang='lat'>,</span> <span class='ocrx_word' id='word_1_209' title='bbox 905 1817 938 1845; x_wconf 89' lang='lat' dir='ltr'>in</span> <span class='ocrx_word' id='word_1_210' title='bbox 954 1825 1048 1856; x_wconf 88' lang='lat' dir='ltr'>quem</span> <span class='ocrx_word' id='word_1_211' title='bbox 1061 1823 1145 1843; x_wconf 79' lang='lat' dir='ltr'>arma</span> <span class='ocrx_word' id='word_1_212' title='bbox 1160 1812 1245 1843; x_wconf 79' lang='lat' dir='ltr'>bello</span> <span class='ocrx_word' id='word_1_213' title='bbox 1256 1811 1343 1842; x_wconf 88' lang='lat' dir='ltr'>civili</span> 
     </span>
     <span class='ocr_line' id='line_1_44' title="bbox 775 1857 1343 1902; baseline -0.007 -11"><span class='ocrx_word' id='word_1_214' title='bbox 775 1863 904 1899; x_wconf 85' lang='lat' dir='ltr'>tulerat,</span> <span class='ocrx_word' id='word_1_215' title='bbox 935 1861 1129 1902; x_wconf 75' lang='lat' dir='ltr'>impetravit,</span> <span class='ocrx_word' id='word_1_216' title='bbox 1161 1868 1254 1900; x_wconf 84' lang='lat' dir='ltr'>quam</span> <span class='ocrx_word' id='word_1_217' title='bbox 1281 1857 1343 1888; x_wconf 78' lang='lat' dir='ltr'>nisi</span> 
     </span>
     <span class='ocr_line' id='line_1_45' title="bbox 776 1904 1342 1946; baseline -0.009 -9"><span class='ocrx_word' id='word_1_218' title='bbox 776 1908 984 1945; x_wconf 78' lang='lat' dir='ltr'>exoravisset,</span> <span class='ocrx_word' id='word_1_219' title='bbox 1003 1906 1094 1942; x_wconf 79' lang='lat' dir='ltr'>exul,</span> <span class='ocrx_word' id='word_1_220' title='bbox 1114 1905 1256 1946; x_wconf 82' lang='lat' dir='ltr'>privatus</span> <span class='ocrx_word' id='word_1_221' title='bbox 1270 1904 1342 1942; x_wconf 83' lang='lat' dir='ltr'>jure</span> 
     </span>
     <span class='ocr_line' id='line_1_46' title="bbox 776 1950 1344 1991; baseline -0.011 -7"><span class='ocrx_word' id='word_1_222' title='bbox 776 1954 926 1990; x_wconf 84' lang='lat' dir='ltr'>civitatis,</span> <span class='ocrx_word' id='word_1_223' title='bbox 945 1960 976 1983; x_wconf 84' lang='lat' dir='ltr'>et</span> <span class='ocrx_word' id='word_1_224' title='bbox 990 1953 1088 1983; x_wconf 84' lang='lat' dir='ltr'>hostis</span> <span class='ocrx_word' id='word_1_225' title='bbox 1107 1951 1234 1991; x_wconf 83' lang='lat' dir='ltr'>patriae,</span> <span class='ocrx_word' id='word_1_226' title='bbox 1247 1950 1344 1980; x_wconf 77' lang='lat' dir='ltr'>vixis-</span> 
     </span>
     <span class='ocr_line' id='line_1_47' title="bbox 777 1995 1344 2040; baseline -0.011 -10"><span class='ocrx_word' id='word_1_227' title='bbox 777 2007 833 2030; x_wconf 88' lang='lat' dir='ltr'>set.</span> <span class='ocrx_word' id='word_1_228' title='bbox 850 1999 967 2029; x_wconf 65' lang='lat' dir='ltr'>Merite&gt;</span> <span class='ocrx_word' id='word_1_229' title='bbox 982 1996 1078 2040; x_wconf 73' lang='lat' dir='ltr'>igitur</span> <span class='ocrx_word' id='word_1_230' title='bbox 1098 1997 1144 2026; x_wconf 88' lang='lat' dir='ltr'>illi</span> <span class='ocrx_word' id='word_1_231' title='bbox 1169 1995 1344 2038; x_wconf 83' lang='lat' dir='ltr'>gratulatur</span> 
     </span>
     <span class='ocr_line' id='line_1_48' title="bbox 777 2039 1340 2085; baseline -0.009 -10"><span class='ocrx_word' id='word_1_232' title='bbox 777 2046 943 2082; x_wconf 82' lang='lat' dir='ltr'>Horatius,</span> <span class='ocrx_word' id='word_1_233' title='bbox 959 2044 1046 2085; x_wconf 77' lang='lat' dir='ltr'>quod</span> <span class='ocrx_word' id='word_1_234' title='bbox 1061 2043 1247 2085; x_wconf 85' lang='lat' dir='ltr'>praeclarum</span> <span class='ocrx_word' id='word_1_235' title='bbox 1261 2039 1340 2071; x_wconf 85' lang='lat' dir='ltr'>illud</span> 
     </span>
     <span class='ocr_line' id='line_1_49' title="bbox 777 2089 1343 2132; baseline -0.009 -11"><span class='ocrx_word' id='word_1_236' title='bbox 777 2093 927 2132; x_wconf 86' lang='lat' dir='ltr'>Quiritis,</span> <span class='ocrx_word' id='word_1_237' title='bbox 946 2101 1001 2120; x_wconf 87' lang='lat' dir='ltr'>seu</span> <span class='ocrx_word' id='word_1_238' title='bbox 1024 2089 1162 2121; x_wconf 80' lang='lat' dir='ltr'>Romani</span> <span class='ocrx_word' id='word_1_239' title='bbox 1183 2089 1260 2118; x_wconf 85' lang='lat' dir='ltr'>civis</span> <span class='ocrx_word' id='word_1_240' title='bbox 1284 2097 1343 2117; x_wconf 87' lang='lat' dir='ltr'>no-</span> 
     </span>
     <span class='ocr_line' id='line_1_50' title="bbox 777 2136 1344 2178; baseline -0.007 -11"><span class='ocrx_word' id='word_1_241' title='bbox 777 2148 849 2167; x_wconf 88' lang='lat' dir='ltr'>men</span> <span class='ocrx_word' id='word_1_242' title='bbox 878 2136 1121 2178; x_wconf 80' lang='lat' dir='ltr'>recuperaverit.</span> <span class='ocrx_word' id='word_1_243' title='bbox 1140 2137 1281 2166; x_wconf 68' lang='lat' dir='ltr'>Juvnnc.</span> <span class='ocrx_word' id='word_1_244' title='bbox 1297 2149 1344 2156; x_wconf 87' lang='lat'>—-</span> 
     </span>
     <span class='ocr_line' id='line_1_51' title="bbox 776 2180 1344 2223; baseline -0.009 -10"><span class='ocrx_word' id='word_1_245' title='bbox 776 2186 920 2214; x_wconf 77' lang='lat' dir='ltr'>Meorum</span> <span class='ocrx_word' id='word_1_246' title='bbox 941 2183 1046 2223; x_wconf 79' lang='lat' dir='ltr'>prime</span> <span class='ocrx_word' id='word_1_247' title='bbox 1083 2180 1238 2211; x_wconf 79' lang='lat' dir='ltr'>sodalium</span> <span class='ocrx_word' id='word_1_248' title='bbox 1259 2189 1272 2210; x_wconf 86' lang='grc'>.·</span> <span class='ocrx_word' id='word_1_249' title='bbox 1296 2187 1344 2209; x_wconf 84' lang='lat' dir='ltr'>ca-</span> 
     </span>
     <span class='ocr_line' id='line_1_52' title="bbox 775 2227 1226 2269; baseline -0.009 -9"><span class='ocrx_word' id='word_1_250' title='bbox 775 2230 896 2261; x_wconf 86' lang='lat' dir='ltr'>rissime</span> <span class='ocrx_word' id='word_1_251' title='bbox 907 2252 916 2268; x_wconf 91' lang='lat'>,</span> <span class='ocrx_word' id='word_1_252' title='bbox 932 2229 983 2260; x_wconf 87' lang='lat' dir='ltr'>vel</span> <span class='ocrx_word' id='word_1_253' title='bbox 1001 2227 1226 2269; x_wconf 83' lang='lat' dir='ltr'>antiquissime.</span> 
     </span>
    </p>
   </div>
  </div>
 </body>
</html>
