<?xml version="1.0" encoding="UTF-8"?>
<!DOCTYPE html PUBLIC "-//W3C//DTD XHTML 1.0 Transitional//EN"
    "http://www.w3.org/TR/xhtml1/DTD/xhtml1-transitional.dtd">
<html xmlns="http://www.w3.org/1999/xhtml" xml:lang="en" lang="en">
 <head>
  <title>
</title>
<meta http-equiv="Content-Type" content="text/html;charset=utf-8" />
  <meta name='ocr-system' content='tesseract 3.04.00' />
  <meta name='ocr-capabilities' content='ocr_page ocr_carea ocr_par ocr_line ocrx_word'/>
</head>
<body>
  <div class='ocr_page' id='page_1' title='image "./quintushoratiusf01horauoft_0167.png"; bbox 0 0 1456 2508; ppageno 0'>
   <div class='ocr_carea' id='block_1_1' title="bbox 0 0 351 78">
    <p class='ocr_par' dir='ltr' id='par_1_1' title="bbox 0 0 351 78">
     <span class='ocr_line' id='line_1_1' title="bbox 0 0 351 78; baseline 0 2430"><span class='ocrx_word' id='word_1_1' title='bbox 0 0 351 78; x_wconf 95' lang='lat' dir='ltr'> </span> 
     </span>
    </p>
   </div>
   <div class='ocr_carea' id='block_1_2' title="bbox 480 124 884 160">
    <p class='ocr_par' dir='ltr' id='par_1_2' title="bbox 480 124 884 160">
     <span class='ocr_line' id='line_1_2' title="bbox 480 124 884 160; baseline -0.01 0"><span class='ocrx_word' id='word_1_2' title='bbox 480 128 561 160; x_wconf 60' lang='lat'><em>121133</em></span> <span class='ocrx_word' id='word_1_3' title='bbox 585 126 604 157; x_wconf 87' lang='lat'>1</span> <span class='ocrx_word' id='word_1_4' title='bbox 627 124 716 158; x_wconf 68' lang='lat' dir='ltr'><strong>01&gt;ss</strong></span> <span class='ocrx_word' id='word_1_5' title='bbox 738 124 884 156; x_wconf 63' lang='lat' dir='ltr'>XXXV.</span> 
     </span>
    </p>
   </div>
   <div class='ocr_carea' id='block_1_3' title="bbox 1232 121 1294 153">
    <p class='ocr_par' dir='ltr' id='par_1_3' title="bbox 1232 121 1294 153">
     <span class='ocr_line' id='line_1_3' title="bbox 1232 121 1294 153; baseline 0 -1"><span class='ocrx_word' id='word_1_6' title='bbox 1232 121 1294 153; x_wconf 84' lang='lat'>133</span> 
     </span>
    </p>
   </div>
   <div class='ocr_carea' id='block_1_4' title="bbox 151 179 1295 1036">
    <p class='ocr_par' dir='ltr' id='par_1_4' title="bbox 151 179 1295 1036">
     <span class='ocr_line' id='line_1_4' title="bbox 177 179 1294 242; baseline -0.015 -11"><span class='ocrx_word' id='word_1_7' title='bbox 177 194 230 230; x_wconf 82' lang='lat' dir='ltr'>At</span> <span class='ocrx_word' id='word_1_8' title='bbox 246 190 386 242; x_wconf 83' lang='lat' dir='ltr'>vulgus</span> <span class='ocrx_word' id='word_1_9' title='bbox 403 187 565 226; x_wconf 82' lang='lat' dir='ltr'>infidum</span> <span class='ocrx_word' id='word_1_10' title='bbox 586 185 603 210; x_wconf 77' lang='lat'>⁸</span> <span class='ocrx_word' id='word_1_11' title='bbox 621 193 660 222; x_wconf 89' lang='lat' dir='ltr'>et</span> <span class='ocrx_word' id='word_1_12' title='bbox 677 183 863 222; x_wconf 76' lang='lat' dir='ltr'><strong>meretrix</strong></span> <span class='ocrx_word' id='word_1_13' title='bbox 881 179 986 220; x_wconf 62' lang='lat' dir='ltr'>retro</span> <span class='ocrx_word' id='word_1_14' title='bbox 1263 190 1294 214; x_wconf 80' lang='lat'>25</span> 
     </span>
     <span class='ocr_line' id='line_1_5' title="bbox 181 244 847 304; baseline -0.015 -12"><span class='ocrx_word' id='word_1_15' title='bbox 181 252 344 304; x_wconf 82' lang='lat' dir='ltr'>Perjura</span> <span class='ocrx_word' id='word_1_16' title='bbox 362 248 467 288; x_wconf 82' lang='lat' dir='ltr'>cedit</span> <span class='ocrx_word' id='word_1_17' title='bbox 484 263 494 286; x_wconf 72' lang='lat' dir='ltr'><strong><em>z</em></strong></span> <span class='ocrx_word' id='word_1_18' title='bbox 514 244 725 298; x_wconf 77' lang='lat' dir='ltr'>diffugiunt</span> <span class='ocrx_word' id='word_1_19' title='bbox 741 244 847 283; x_wconf 87' lang='lat' dir='ltr'>cadis</span> 
     </span>
     <span class='ocr_line' id='line_1_6' title="bbox 231 306 771 354; baseline -0.02 -1"><span class='ocrx_word' id='word_1_20' title='bbox 231 317 332 353; x_wconf 89' lang='lat' dir='ltr'>Cum</span> <span class='ocrx_word' id='word_1_21' title='bbox 354 312 445 351; x_wconf 87' lang='lat' dir='ltr'>faece</span> <span class='ocrx_word' id='word_1_22' title='bbox 467 308 617 349; x_wconf 85' lang='lat' dir='ltr'>siccatis</span> <span class='ocrx_word' id='word_1_23' title='bbox 637 306 771 354; x_wconf 86' lang='lat' dir='ltr'>amici,</span> 
     </span>
     <span class='ocr_line' id='line_1_7' title="bbox 244 366 881 427; baseline -0.016 -14"><span class='ocrx_word' id='word_1_24' title='bbox 244 377 408 427; x_wconf 26' lang='lat' dir='ltr'>{Ferre</span> <span class='ocrx_word' id='word_1_25' title='bbox 422 374 560 424; x_wconf 76' lang='lat' dir='ltr'>jugum</span> <span class='ocrx_word' id='word_1_26' title='bbox 579 368 727 422; x_wconf 72' lang='lat' dir='ltr'>pariter</span> <span class='ocrx_word' id='word_1_27' title='bbox 745 366 881 405; x_wconf 85' lang='lat' dir='ltr'><strong>dolosi.</strong></span> 
     </span>
     <span class='ocr_line' id='line_1_8' title="bbox 151 426 955 476; baseline -0.016 0"><span class='ocrx_word' id='word_1_28' title='bbox 151 428 319 476; x_wconf 58' lang='lat' dir='ltr'>³*Serv&#39;es</span> <span class='ocrx_word' id='word_1_29' title='bbox 335 435 483 473; x_wconf 89' lang='lat' dir='ltr'>iturum</span> <span class='ocrx_word' id='word_1_30' title='bbox 501 433 691 475; x_wconf 80' lang='lat' dir='ltr'>Caesarem</span> <span class='ocrx_word' id='word_1_31' title='bbox 708 439 723 462; x_wconf 86' lang='lat'>⁹</span> <span class='ocrx_word' id='word_1_32' title='bbox 740 428 781 465; x_wconf 88' lang='lat' dir='ltr'>in</span> <span class='ocrx_word' id='word_1_33' title='bbox 800 426 955 465; x_wconf 83' lang='lat' dir='ltr'>ultimos</span> 
     </span>
     <span class='ocr_line' id='line_1_9' title="bbox 179 489 1295 541; baseline -0.013 -6"><span class='ocrx_word' id='word_1_34' title='bbox 179 494 298 535; x_wconf 84' lang='lat' dir='ltr'><strong>Orbis</strong></span> <span class='ocrx_word' id='word_1_35' title='bbox 315 494 538 538; x_wconf 80' lang='lat' dir='ltr'>Britannos,</span> <span class='ocrx_word' id='word_1_36' title='bbox 559 499 598 528; x_wconf 90' lang='lat' dir='ltr'>et</span> <span class='ocrx_word' id='word_1_37' title='bbox 613 489 803 541; x_wconf 87' lang='lat' dir='ltr'>juvenum</span> <span class='ocrx_word' id='word_1_38' title='bbox 818 501 951 525; x_wconf 84' lang='lat' dir='ltr'>recens</span> <span class='ocrx_word' id='word_1_39' title='bbox 1264 495 1295 520; x_wconf 84' lang='lat'>30</span> 
     </span>
     <span class='ocr_line' id='line_1_10' title="bbox 234 549 740 594; baseline -0.018 0"><span class='ocrx_word' id='word_1_40' title='bbox 234 558 406 594; x_wconf 82' lang='lat' dir='ltr'><strong>Examen</strong></span> <span class='ocrx_word' id='word_1_41' title='bbox 421 553 511 591; x_wconf 90' lang='lat' dir='ltr'>Eois</span> <span class='ocrx_word' id='word_1_42' title='bbox 527 549 740 590; x_wconf 86' lang='lat' dir='ltr'>timendum</span> 
     </span>
     <span class='ocr_line' id='line_1_11' title="bbox 285 609 892 663; baseline -0.013 -9"><span class='ocrx_word' id='word_1_43' title='bbox 285 614 484 662; x_wconf 89' lang='lat' dir='ltr'>Partibus,</span> <span class='ocrx_word' id='word_1_44' title='bbox 503 616 742 663; x_wconf 87' lang='lat' dir='ltr'>Oceanoque</span> <span class='ocrx_word' id='word_1_45' title='bbox 758 609 892 647; x_wconf 83' lang='lat' dir='ltr'>rubro.</span> 
     </span>
     <span class='ocr_line' id='line_1_12' title="bbox 179 669 978 722; baseline -0.015 -4"><span class='ocrx_word' id='word_1_46' title='bbox 179 679 291 718; x_wconf 92' lang='lat' dir='ltr'>Eheu</span> <span class='ocrx_word' id='word_1_47' title='bbox 309 680 356 714; x_wconf 80' lang='lat'>¹0!</span> <span class='ocrx_word' id='word_1_48' title='bbox 378 675 603 714; x_wconf 81' lang='lat' dir='ltr'>cicatricum</span> <span class='ocrx_word' id='word_1_49' title='bbox 623 681 662 710; x_wconf 87' lang='lat' dir='ltr'>et</span> <span class='ocrx_word' id='word_1_50' title='bbox 680 671 834 709; x_wconf 79' lang='lat' dir='ltr'>sceleris</span> <span class='ocrx_word' id='word_1_51' title='bbox 856 669 978 722; x_wconf 84' lang='lat' dir='ltr'>pudet</span> 
     </span>
     <span class='ocr_line' id='line_1_13' title="bbox 179 731 1011 789; baseline -0.013 -11"><span class='ocrx_word' id='word_1_52' title='bbox 179 743 448 789; x_wconf 86' lang='lat' dir='ltr'>Fratrumque.</span> <span class='ocrx_word' id='word_1_53' title='bbox 468 735 573 784; x_wconf 83' lang='lat' dir='ltr'>Quid</span> <span class='ocrx_word' id='word_1_54' title='bbox 589 746 659 772; x_wconf 89' lang='lat' dir='ltr'>nos</span> <span class='ocrx_word' id='word_1_55' title='bbox 679 733 778 770; x_wconf 85' lang='lat' dir='ltr'>dura</span> <span class='ocrx_word' id='word_1_56' title='bbox 798 731 1011 782; x_wconf 81' lang='lat' dir='ltr'>refugimus</span> 
     </span>
     <span class='ocr_line' id='line_1_14' title="bbox 235 793 1295 845; baseline -0.012 -6"><span class='ocrx_word' id='word_1_57' title='bbox 235 803 341 839; x_wconf 83' lang='lat' dir='ltr'>AEtas</span> <span class='ocrx_word' id='word_1_58' title='bbox 359 801 410 837; x_wconf 80' lang='lat'>²¹?</span> <span class='ocrx_word' id='word_1_59' title='bbox 430 796 536 845; x_wconf 90' lang='lat' dir='ltr'>Quid</span> <span class='ocrx_word' id='word_1_60' title='bbox 551 797 738 834; x_wconf 86' lang='lat' dir='ltr'>intactum</span> <span class='ocrx_word' id='word_1_61' title='bbox 755 793 891 831; x_wconf 81' lang='lat' dir='ltr'>nefasti</span> <span class='ocrx_word' id='word_1_62' title='bbox 1265 802 1295 826; x_wconf 83' lang='lat'>35</span> 
     </span>
     <span class='ocr_line' id='line_1_15' title="bbox 286 854 1004 912; baseline -0.014 -12"><span class='ocrx_word' id='word_1_63' title='bbox 286 860 513 912; x_wconf 83' lang='lat' dir='ltr'>Liquimus?</span> <span class='ocrx_word' id='word_1_64' title='bbox 534 857 636 896; x_wconf 75' lang='lat' dir='ltr'>unde</span> <span class='ocrx_word' id='word_1_65' title='bbox 654 868 809 894; x_wconf 84' lang='lat' dir='ltr'>manum</span> <span class='ocrx_word' id='word_1_66' title='bbox 822 854 1004 905; x_wconf 82' lang='lat' dir='ltr'>juventus</span> 
     </span>
     <span class='ocr_line' id='line_1_16' title="bbox 183 915 882 971; baseline -0.014 -9"><span class='ocrx_word' id='word_1_67' title='bbox 183 926 295 971; x_wconf 75' lang='lat' dir='ltr'>Metu</span> <span class='ocrx_word' id='word_1_68' title='bbox 313 925 488 960; x_wconf 79' lang='lat' dir='ltr'>Deorum</span> <span class='ocrx_word' id='word_1_69' title='bbox 509 918 722 958; x_wconf 79' lang='lat' dir='ltr'>continuit?</span> <span class='ocrx_word' id='word_1_70' title='bbox 740 915 882 967; x_wconf 82' lang='lat' dir='ltr'>quibus</span> 
     </span>
     <span class='ocr_line' id='line_1_17' title="bbox 183 978 817 1036; baseline -0.016 -13"><span class='ocrx_word' id='word_1_71' title='bbox 183 982 360 1036; x_wconf 87' lang='lat' dir='ltr'>Pepercit</span> <span class='ocrx_word' id='word_1_72' title='bbox 373 982 473 1021; x_wconf 83' lang='lat' dir='ltr'>aris?</span> <span class='ocrx_word' id='word_1_73' title='bbox 491 983 525 1019; x_wconf 91' lang='grc' dir='ltr'><strong>Ο</strong></span> <span class='ocrx_word' id='word_1_74' title='bbox 546 979 695 1018; x_wconf 86' lang='lat' dir='ltr'>utinam</span> <span class='ocrx_word' id='word_1_75' title='bbox 714 978 817 1015; x_wconf 63' lang='lat' dir='ltr'>nova</span> 
     </span>
    </p>
   </div>
   <div class='ocr_carea' id='block_1_5' title="bbox 73 1143 661 1226">
    <p class='ocr_par' dir='ltr' id='par_1_5' title="bbox 73 1143 661 1226">
     <span class='ocr_line' id='line_1_18' title="bbox 74 1143 661 1188; baseline -0.01 -9"><span class='ocrx_word' id='word_1_76' title='bbox 74 1147 235 1179; x_wconf 81' lang='lat' dir='ltr'>faventem</span> <span class='ocrx_word' id='word_1_77' title='bbox 262 1152 295 1177; x_wconf 86' lang='lat' dir='ltr'>et</span> <span class='ocrx_word' id='word_1_78' title='bbox 325 1145 499 1188; x_wconf 79' lang='lat' dir='ltr'>propitiam</span> <span class='ocrx_word' id='word_1_79' title='bbox 528 1143 661 1174; x_wconf 83' lang='lat' dir='ltr'>decebat</span> 
     </span>
     <span class='ocr_line' id='line_1_19' title="bbox 73 1192 472 1226; baseline -0.008 0"><span class='ocrx_word' id='word_1_80' title='bbox 73 1193 132 1226; x_wconf 69' lang='lat' dir='ltr'>dih</span> <span class='ocrx_word' id='word_1_81' title='bbox 147 1199 343 1226; x_wconf 83' lang='lat' dir='ltr'>commorata</span> <span class='ocrx_word' id='word_1_82' title='bbox 355 1192 472 1224; x_wconf 78' lang='lat' dir='ltr'>fueras.</span> 
     </span>
    </p>
   </div>
   <div class='ocr_carea' id='block_1_6' title="bbox 123 1255 661 1309">
    <p class='ocr_par' dir='ltr' id='par_1_6' title="bbox 123 1255 661 1309">
     <span class='ocr_line' id='line_1_20' title="bbox 123 1255 661 1309; baseline -0.015 -17"><span class='ocrx_word' id='word_1_83' title='bbox 123 1259 157 1292; x_wconf 85' lang='lat'>8.</span> <span class='ocrx_word' id='word_1_84' title='bbox 171 1260 220 1290; x_wconf 81' lang='lat' dir='ltr'>At</span> <span class='ocrx_word' id='word_1_85' title='bbox 236 1257 356 1301; x_wconf 77' lang='lat' dir='ltr'>vulgus</span> <span class='ocrx_word' id='word_1_86' title='bbox 374 1255 510 1301; x_wconf 84' lang='lat' dir='ltr'>infidum</span> <span class='ocrx_word' id='word_1_87' title='bbox 528 1266 539 1285; x_wconf 80' lang='lat'>.-</span> <span class='ocrx_word' id='word_1_88' title='bbox 557 1265 661 1309; x_wconf 72' lang='lat' dir='ltr'>oppo-</span> 
     </span>
    </p>
   </div>
   <div class='ocr_carea' id='block_1_7' title="bbox 74 1302 661 1343">
    <p class='ocr_par' dir='ltr' id='par_1_7' title="bbox 74 1302 661 1343">
     <span class='ocr_line' id='line_1_21' title="bbox 74 1302 661 1343; baseline -0.014 -4"><span class='ocrx_word' id='word_1_89' title='bbox 74 1308 126 1338; x_wconf 86' lang='lat' dir='ltr'>nit</span> <span class='ocrx_word' id='word_1_90' title='bbox 144 1307 220 1338; x_wconf 88' lang='lat' dir='ltr'>voci</span> <span class='ocrx_word' id='word_1_91' title='bbox 240 1315 336 1342; x_wconf 85' lang='lat' dir='ltr'>rara,</span> <span class='ocrx_word' id='word_1_92' title='bbox 355 1305 542 1335; x_wconf 83' lang='lat' dir='ltr'>immensam</span> <span class='ocrx_word' id='word_1_93' title='bbox 566 1302 661 1343; x_wconf 77' lang='lat' dir='ltr'>perh-</span> 
     </span>
    </p>
   </div>
   <div class='ocr_carea' id='block_1_8' title="bbox 19 1349 658 1387">
    <p class='ocr_par' dir='ltr' id='par_1_8' title="bbox 19 1349 658 1387">
     <span class='ocr_line' id='line_1_22' title="bbox 19 1349 658 1387; baseline -0.013 -1"><span class='ocrx_word' id='word_1_94' title='bbox 19 1353 33 1358; x_wconf 41' lang='lat'>*</span> <span class='ocrx_word' id='word_1_95' title='bbox 73 1353 192 1387; x_wconf 83' lang='lat' dir='ltr'>dorum</span> <span class='ocrx_word' id='word_1_96' title='bbox 211 1353 389 1385; x_wconf 78' lang='lat' dir='ltr'>amicorum</span> <span class='ocrx_word' id='word_1_97' title='bbox 404 1349 658 1382; x_wconf 83' lang='lat' dir='ltr'>multitudinem.</span> 
     </span>
    </p>
   </div>
   <div class='ocr_carea' id='block_1_9' title="bbox 71 1396 664 1774">
    <p class='ocr_par' dir='ltr' id='par_1_9' title="bbox 71 1396 664 1774">
     <span class='ocr_line' id='line_1_23' title="bbox 74 1396 656 1442; baseline -0.014 -8"><span class='ocrx_word' id='word_1_98' title='bbox 74 1419 122 1426; x_wconf 91' lang='lat'>--</span> <span class='ocrx_word' id='word_1_99' title='bbox 140 1400 241 1433; x_wconf 79' lang='lat' dir='ltr'>Gadis</span> <span class='ocrx_word' id='word_1_100' title='bbox 271 1410 344 1430; x_wconf 81' lang='lat' dir='ltr'>cum</span> <span class='ocrx_word' id='word_1_101' title='bbox 376 1398 468 1442; x_wconf 85' lang='lat' dir='ltr'>saece</span> <span class='ocrx_word' id='word_1_102' title='bbox 503 1396 632 1427; x_wconf 77' lang='lat' dir='ltr'>siccatis</span> <span class='ocrx_word' id='word_1_103' title='bbox 647 1408 656 1427; x_wconf 90' lang='grc'>.-</span> 
     </span>
     <span class='ocr_line' id='line_1_24' title="bbox 72 1444 661 1489; baseline -0.012 -9"><span class='ocrx_word' id='word_1_104' title='bbox 72 1448 227 1481; x_wconf 83' lang='lat' dir='ltr'>omnibus</span> <span class='ocrx_word' id='word_1_105' title='bbox 253 1447 372 1489; x_wconf 80' lang='lat' dir='ltr'>opibus</span> <span class='ocrx_word' id='word_1_106' title='bbox 391 1444 661 1486; x_wconf 63' lang='lat' dir='ltr'>consumptis.—</span> 
     </span>
     <span class='ocr_line' id='line_1_25' title="bbox 71 1490 662 1538; baseline -0.014 -10"><span class='ocrx_word' id='word_1_107' title='bbox 71 1495 168 1528; x_wconf 71' lang='lat' dir='ltr'>Ferre</span> <span class='ocrx_word' id='word_1_108' title='bbox 186 1494 304 1538; x_wconf 77' lang='lat' dir='ltr'>jugum</span> <span class='ocrx_word' id='word_1_109' title='bbox 323 1491 429 1524; x_wconf 81' lang='lat' dir='ltr'>dolosi</span> <span class='ocrx_word' id='word_1_110' title='bbox 446 1503 456 1521; x_wconf 81' lang='grc'>.-</span> <span class='ocrx_word' id='word_1_111' title='bbox 473 1490 662 1533; x_wconf 85' lang='lat' dir='ltr'>perfidiores</span> 
     </span>
     <span class='ocr_line' id='line_1_26' title="bbox 73 1539 660 1586; baseline -0.015 -10"><span class='ocrx_word' id='word_1_112' title='bbox 73 1542 171 1586; x_wconf 71' lang='lat' dir='ltr'>quam</span> <span class='ocrx_word' id='word_1_113' title='bbox 181 1550 218 1574; x_wconf 89' lang='lat' dir='ltr'>ut</span> <span class='ocrx_word' id='word_1_114' title='bbox 230 1543 314 1574; x_wconf 79' lang='lat' dir='ltr'>ferre</span> <span class='ocrx_word' id='word_1_115' title='bbox 326 1541 503 1572; x_wconf 84' lang='lat' dir='ltr'>sustineant</span> <span class='ocrx_word' id='word_1_116' title='bbox 516 1539 660 1580; x_wconf 89' lang='lat' dir='ltr'>inopiam</span> 
     </span>
     <span class='ocr_line' id='line_1_27' title="bbox 74 1586 661 1633; baseline -0.012 -11"><span class='ocrx_word' id='word_1_117' title='bbox 74 1591 168 1631; x_wconf 80' lang='lat' dir='ltr'>cujus</span> <span class='ocrx_word' id='word_1_118' title='bbox 189 1588 308 1633; x_wconf 82' lang='lat' dir='ltr'>jugum</span> <span class='ocrx_word' id='word_1_119' title='bbox 335 1594 368 1619; x_wconf 84' lang='lat' dir='ltr'>et</span> <span class='ocrx_word' id='word_1_120' title='bbox 392 1586 522 1629; x_wconf 84' lang='lat' dir='ltr'>pondus</span> <span class='ocrx_word' id='word_1_121' title='bbox 555 1592 661 1616; x_wconf 77' lang='lat' dir='ltr'>totum</span> 
     </span>
     <span class='ocr_line' id='line_1_28' title="bbox 75 1632 662 1669; baseline -0.012 0"><span class='ocrx_word' id='word_1_122' title='bbox 75 1637 179 1669; x_wconf 85' lang='lat' dir='ltr'>amico</span> <span class='ocrx_word' id='word_1_123' title='bbox 196 1637 314 1668; x_wconf 83' lang='lat' dir='ltr'>misero</span> <span class='ocrx_word' id='word_1_124' title='bbox 338 1632 543 1666; x_wconf 87' lang='lat' dir='ltr'>tolerandum</span> <span class='ocrx_word' id='word_1_125' title='bbox 568 1632 662 1663; x_wconf 86' lang='lat' dir='ltr'>relin-</span> 
     </span>
     <span class='ocr_line' id='line_1_29' title="bbox 74 1678 664 1727; baseline -0.014 -10"><span class='ocrx_word' id='word_1_126' title='bbox 74 1690 192 1727; x_wconf 78' lang='lat' dir='ltr'>quant.</span> <span class='ocrx_word' id='word_1_127' title='bbox 202 1702 251 1709; x_wconf 91' lang='grc'>--</span> <span class='ocrx_word' id='word_1_128' title='bbox 263 1681 395 1715; x_wconf 60' lang='lat' dir='ltr'>Pariter</span> <span class='ocrx_word' id='word_1_129' title='bbox 407 1695 417 1713; x_wconf 89' lang='lat'><em>:</em></span> <span class='ocrx_word' id='word_1_130' title='bbox 431 1691 493 1723; x_wconf 86' lang='lat' dir='ltr'>pro</span> <span class='ocrx_word' id='word_1_131' title='bbox 506 1678 564 1710; x_wconf 67' lang='lat' dir='ltr'>sua</span> <span class='ocrx_word' id='word_1_132' title='bbox 580 1680 664 1721; x_wconf 89' lang='lat' dir='ltr'>quis-</span> 
     </span>
     <span class='ocr_line' id='line_1_30' title="bbox 74 1737 259 1774; baseline 0 -11"><span class='ocrx_word' id='word_1_133' title='bbox 74 1741 139 1774; x_wconf 75' lang='lat' dir='ltr'>que</span> <span class='ocrx_word' id='word_1_134' title='bbox 157 1737 259 1773; x_wconf 82' lang='lat' dir='ltr'>parte.</span> 
     </span>
    </p>
   </div>
   <div class='ocr_carea' id='block_1_10' title="bbox 42 1800 667 2318">
    <p class='ocr_par' dir='ltr' id='par_1_10' title="bbox 42 1800 667 2318">
     <span class='ocr_line' id='line_1_31' title="bbox 122 1800 661 1848; baseline -0.017 -10"><span class='ocrx_word' id='word_1_135' title='bbox 122 1817 158 1848; x_wconf 84' lang='lat'>9.</span> <span class='ocrx_word' id='word_1_136' title='bbox 185 1806 295 1836; x_wconf 80' lang='lat' dir='ltr'>Servcs</span> <span class='ocrx_word' id='word_1_137' title='bbox 321 1803 438 1834; x_wconf 81' lang='lat' dir='ltr'>itur-um</span> <span class='ocrx_word' id='word_1_138' title='bbox 474 1800 635 1832; x_wconf 82' lang='lat' dir='ltr'>Caesarem</span> <span class='ocrx_word' id='word_1_139' title='bbox 651 1810 661 1829; x_wconf 92' lang='lat'><em>:</em></span> 
     </span>
     <span class='ocr_line' id='line_1_32' title="bbox 73 1848 663 1894; baseline -0.015 -9"><span class='ocrx_word' id='word_1_140' title='bbox 73 1851 140 1894; x_wconf 59' lang='lat' dir='ltr'>iim</span> <span class='ocrx_word' id='word_1_141' title='bbox 168 1849 310 1894; x_wconf 68' lang='lat' dir='ltr'>captata,</span> <span class='ocrx_word' id='word_1_142' title='bbox 337 1860 395 1892; x_wconf 82' lang='lat' dir='ltr'>per</span> <span class='ocrx_word' id='word_1_143' title='bbox 427 1849 589 1890; x_wconf 80' lang='lat' dir='ltr'>hymnum</span> <span class='ocrx_word' id='word_1_144' title='bbox 627 1848 663 1877; x_wconf 87' lang='lat' dir='ltr'>in</span> 
     </span>
     <span class='ocr_line' id='line_1_33' title="bbox 75 1896 663 1941; baseline -0.014 -9"><span class='ocrx_word' id='word_1_145' title='bbox 75 1900 147 1941; x_wconf 64' lang='lat' dir='ltr'>ojus</span> <span class='ocrx_word' id='word_1_146' title='bbox 169 1899 310 1930; x_wconf 76' lang='lat' dir='ltr'>honores</span> <span class='ocrx_word' id='word_1_147' title='bbox 339 1897 545 1928; x_wconf 86' lang='lat' dir='ltr'>decantatum</span> <span class='ocrx_word' id='word_1_148' title='bbox 562 1917 571 1933; x_wconf 86' lang='lat'>,</span> <span class='ocrx_word' id='word_1_149' title='bbox 587 1896 663 1925; x_wconf 87' lang='lat' dir='ltr'>For-</span> 
     </span>
     <span class='ocr_line' id='line_1_34' title="bbox 76 1942 661 1984; baseline -0.017 -4"><span class='ocrx_word' id='word_1_150' title='bbox 76 1953 165 1980; x_wconf 73' lang='lat' dir='ltr'>tm</span> <span class='ocrx_word' id='word_1_151' title='bbox 197 1942 443 1982; x_wconf 63' lang='lat' dir='ltr'>benevolentia,</span> <span class='ocrx_word' id='word_1_152' title='bbox 493 1942 661 1984; x_wconf 86' lang='lat' dir='ltr'>subjungit</span> 
     </span>
     <span class='ocr_line' id='line_1_35' title="bbox 75 1988 663 2038; baseline -0.017 -11"><span class='ocrx_word' id='word_1_153' title='bbox 75 2003 188 2038; x_wconf 60' lang='grc' dir='ltr'><em>Μ</em></span> <span class='ocrx_word' id='word_1_154' title='bbox 200 2003 263 2036; x_wconf 82' lang='lat' dir='ltr'>pro</span> <span class='ocrx_word' id='word_1_155' title='bbox 279 1992 518 2024; x_wconf 57' lang='lat' dir='ltr'>Caena—In</span> <span class='ocrx_word' id='word_1_156' title='bbox 534 1988 663 2019; x_wconf 83' lang='lat' dir='ltr'>ultimos</span> 
     </span>
     <span class='ocr_line' id='line_1_36' title="bbox 76 2034 664 2073; baseline -0.014 0"><span class='ocrx_word' id='word_1_157' title='bbox 76 2041 161 2073; x_wconf 72' lang='lat' dir='ltr'>orbis</span> <span class='ocrx_word' id='word_1_158' title='bbox 181 2039 359 2072; x_wconf 75' lang='lat' dir='ltr'>Britannos</span> <span class='ocrx_word' id='word_1_159' title='bbox 377 2050 390 2070; x_wconf 86' lang='lat'><em>:</em></span> <span class='ocrx_word' id='word_1_160' title='bbox 408 2034 587 2069; x_wconf 75' lang='lat' dir='ltr'>secundum</span> <span class='ocrx_word' id='word_1_161' title='bbox 611 2035 664 2066; x_wconf 86' lang='lat' dir='ltr'>fal-</span> 
     </span>
     <span class='ocr_line' id='line_1_37' title="bbox 75 2083 665 2128; baseline -0.015 -7"><span class='ocrx_word' id='word_1_162' title='bbox 75 2099 144 2121; x_wconf 72' lang='lat' dir='ltr'>oam</span> <span class='ocrx_word' id='word_1_163' title='bbox 175 2094 323 2120; x_wconf 82' lang='lat' dir='ltr'>veterum</span> <span class='ocrx_word' id='word_1_164' title='bbox 364 2086 571 2128; x_wconf 79' lang='lat' dir='ltr'>opinionem,</span> <span class='ocrx_word' id='word_1_165' title='bbox 607 2083 665 2124; x_wconf 90' lang='lat' dir='ltr'>qui</span> 
     </span>
     <span class='ocr_line' id='line_1_38' title="bbox 76 2130 665 2168; baseline -0.017 1"><span class='ocrx_word' id='word_1_166' title='bbox 76 2142 176 2168; x_wconf 69' lang='lat' dir='ltr'>muas</span> <span class='ocrx_word' id='word_1_167' title='bbox 201 2133 288 2167; x_wconf 61' lang='lat' dir='ltr'>ultra</span> <span class='ocrx_word' id='word_1_168' title='bbox 311 2133 486 2166; x_wconf 82' lang='lat' dir='ltr'>Britanniae</span> <span class='ocrx_word' id='word_1_169' title='bbox 511 2130 665 2161; x_wconf 84' lang='lat' dir='ltr'>terminos</span> 
     </span>
     <span class='ocr_line' id='line_1_39' title="bbox 59 2179 667 2222; baseline -0.016 -6"><span class='ocrx_word' id='word_1_170' title='bbox 59 2179 152 2216; x_wconf 69' lang='lat' dir='ltr'>&#39;nitas</span> <span class='ocrx_word' id='word_1_171' title='bbox 171 2181 323 2214; x_wconf 78' lang='lat' dir='ltr'>nondum</span> <span class='ocrx_word' id='word_1_172' title='bbox 351 2179 609 2222; x_wconf 83' lang='lat' dir='ltr'>exploraverant.</span> <span class='ocrx_word' id='word_1_173' title='bbox 619 2194 667 2200; x_wconf 93' lang='lat'>—-</span> 
     </span>
     <span class='ocr_line' id='line_1_40' title="bbox 75 2230 666 2273; baseline -0.017 -10"><span class='ocrx_word' id='word_1_174' title='bbox 75 2231 122 2263; x_wconf 59' lang='grc' dir='ltr'>Εἰ</span> <span class='ocrx_word' id='word_1_175' title='bbox 147 2230 305 2273; x_wconf 81' lang='lat' dir='ltr'>juvenum</span> <span class='ocrx_word' id='word_1_176' title='bbox 341 2237 452 2259; x_wconf 81' lang='lat' dir='ltr'>recens</span> <span class='ocrx_word' id='word_1_177' title='bbox 496 2235 639 2256; x_wconf 77' lang='lat' dir='ltr'>examen</span> <span class='ocrx_word' id='word_1_178' title='bbox 654 2235 666 2254; x_wconf 89' lang='lat'><em>:</em></span> 
     </span>
     <span class='ocr_line' id='line_1_41' title="bbox 42 2271 667 2318; baseline -0.018 -6"><span class='ocrx_word' id='word_1_179' title='bbox 42 2303 45 2305; x_wconf 97' lang='lat'>-</span> <span class='ocrx_word' id='word_1_180' title='bbox 76 2287 222 2312; x_wconf 67' lang='lat' dir='ltr'>examen</span> <span class='ocrx_word' id='word_1_181' title='bbox 250 2275 394 2318; x_wconf 72' lang='lat' dir='ltr'>apposite</span> <span class='ocrx_word' id='word_1_182' title='bbox 420 2273 438 2304; x_wconf 69' lang='grc' dir='ltr'>ἐι</span> <span class='ocrx_word' id='word_1_183' title='bbox 464 2271 549 2304; x_wconf 67' lang='lat' dir='ltr'>nova</span> <span class='ocrx_word' id='word_1_184' title='bbox 570 2282 667 2314; x_wconf 87' lang='lat' dir='ltr'>apum</span> 
     </span>
    </p>
   </div>
   <div class='ocr_carea' id='block_1_11' title="bbox 207 2344 239 2379">
    <p class='ocr_par' dir='ltr' id='par_1_11' title="bbox 207 2344 239 2379">
     <span class='ocr_line' id='line_1_42' title="bbox 207 2344 239 2379; baseline -0.031 0"><span class='ocrx_word' id='word_1_185' title='bbox 207 2344 239 2379; x_wconf 92' lang='lat'>1.</span> 
     </span>
    </p>
   </div>
   <div class='ocr_carea' id='block_1_12' title="bbox 714 1136 1301 1324">
    <p class='ocr_par' dir='ltr' id='par_1_12' title="bbox 714 1136 1301 1324">
     <span class='ocr_line' id='line_1_43' title="bbox 715 1136 1298 1172; baseline -0.007 0"><span class='ocrx_word' id='word_1_186' title='bbox 715 1141 826 1172; x_wconf 84' lang='lat' dir='ltr'>sobole</span> <span class='ocrx_word' id='word_1_187' title='bbox 847 1139 1037 1171; x_wconf 77' lang='lat' dir='ltr'>transfertur</span> <span class='ocrx_word' id='word_1_188' title='bbox 1060 1136 1100 1168; x_wconf 87' lang='lat' dir='ltr'>ad</span> <span class='ocrx_word' id='word_1_189' title='bbox 1119 1139 1298 1169; x_wconf 78' lang='lat' dir='ltr'>exereitum</span> 
     </span>
     <span class='ocr_line' id='line_1_44' title="bbox 715 1186 1301 1227; baseline -0.002 -8"><span class='ocrx_word' id='word_1_190' title='bbox 715 1189 826 1219; x_wconf 73' lang='lat' dir='ltr'>recens</span> <span class='ocrx_word' id='word_1_191' title='bbox 842 1188 859 1218; x_wconf 82' lang='grc' dir='ltr'><strong>ὲ</strong></span> <span class='ocrx_word' id='word_1_192' title='bbox 877 1186 1052 1227; x_wconf 82' lang='lat' dir='ltr'>juvenibus</span> <span class='ocrx_word' id='word_1_193' title='bbox 1071 1186 1301 1227; x_wconf 79' lang='lat' dir='ltr'>conscriptum.</span> 
     </span>
     <span class='ocr_line' id='line_1_45' title="bbox 715 1233 1300 1276; baseline -0.005 -10"><span class='ocrx_word' id='word_1_194' title='bbox 715 1253 762 1259; x_wconf 89' lang='lat'>—-</span> <span class='ocrx_word' id='word_1_195' title='bbox 777 1234 857 1266; x_wconf 87' lang='lat' dir='ltr'>Eois</span> <span class='ocrx_word' id='word_1_196' title='bbox 878 1233 1028 1276; x_wconf 82' lang='lat' dir='ltr'>partibus</span> <span class='ocrx_word' id='word_1_197' title='bbox 1042 1244 1052 1263; x_wconf 92' lang='lat'><em>:</em></span> <span class='ocrx_word' id='word_1_198' title='bbox 1070 1233 1300 1271; x_wconf 80' lang='lat' dir='ltr'>orientalibus;</span> 
     </span>
     <span class='ocr_line' id='line_1_46' title="bbox 714 1283 1040 1324; baseline -0.012 -9"><span class='ocrx_word' id='word_1_199' title='bbox 714 1283 789 1314; x_wconf 90' lang='lat' dir='ltr'>vide</span> <span class='ocrx_word' id='word_1_200' title='bbox 803 1288 1040 1324; x_wconf 84' lang='lat' dir='ltr'>argumentum.</span> 
     </span>
    </p>
   </div>
   <div class='ocr_carea' id='block_1_13' title="bbox 713 1348 1309 1901">
    <p class='ocr_par' dir='ltr' id='par_1_13' title="bbox 713 1348 1309 1901">
     <span class='ocr_line' id='line_1_47' title="bbox 766 1348 1301 1382; baseline -0.006 0"><span class='ocrx_word' id='word_1_201' title='bbox 766 1361 818 1382; x_wconf 91' lang='lat'>10.</span> <span class='ocrx_word' id='word_1_202' title='bbox 839 1349 952 1380; x_wconf 75' lang='lat' dir='ltr'>Eheu!</span> <span class='ocrx_word' id='word_1_203' title='bbox 972 1348 1158 1379; x_wconf 81' lang='lat' dir='ltr'>cicatricum</span> <span class='ocrx_word' id='word_1_204' title='bbox 1183 1357 1215 1380; x_wconf 78' lang='lat' dir='ltr'>et</span> <span class='ocrx_word' id='word_1_205' title='bbox 1235 1360 1301 1380; x_wconf 80' lang='lat' dir='ltr'>sce·</span> 
     </span>
     <span class='ocr_line' id='line_1_48' title="bbox 713 1397 1300 1439; baseline -0.003 -10"><span class='ocrx_word' id='word_1_206' title='bbox 713 1398 788 1429; x_wconf 87' lang='lat' dir='ltr'>Ieris</span> <span class='ocrx_word' id='word_1_207' title='bbox 801 1397 923 1439; x_wconf 77' lang='lat' dir='ltr'>pudet,</span> <span class='ocrx_word' id='word_1_208' title='bbox 937 1398 1152 1438; x_wconf 78' lang='lat' dir='ltr'>Fratmmque</span> <span class='ocrx_word' id='word_1_209' title='bbox 1165 1407 1176 1426; x_wconf 78' lang='grc'>.-</span> <span class='ocrx_word' id='word_1_210' title='bbox 1193 1407 1300 1427; x_wconf 85' lang='lat' dir='ltr'>nexus</span> 
     </span>
     <span class='ocr_line' id='line_1_49' title="bbox 713 1445 1304 1476; baseline -0.003 0"><span class='ocrx_word' id='word_1_211' title='bbox 713 1445 944 1476; x_wconf 82' lang='lat' dir='ltr'>sententiarum</span> <span class='ocrx_word' id='word_1_212' title='bbox 960 1446 1018 1475; x_wconf 82' lang='lat' dir='ltr'>iste</span> <span class='ocrx_word' id='word_1_213' title='bbox 1037 1450 1085 1474; x_wconf 85' lang='lat' dir='ltr'>est</span> <span class='ocrx_word' id='word_1_214' title='bbox 1099 1453 1107 1475; x_wconf 92' lang='lat'><strong>:</strong></span> <span class='ocrx_word' id='word_1_215' title='bbox 1123 1454 1214 1475; x_wconf 87' lang='lat' dir='ltr'>serva</span> <span class='ocrx_word' id='word_1_216' title='bbox 1237 1446 1304 1475; x_wconf 81' lang='lat' dir='ltr'>Au-</span> 
     </span>
     <span class='ocr_line' id='line_1_50' title="bbox 715 1491 1304 1535; baseline -0.002 -12"><span class='ocrx_word' id='word_1_217' title='bbox 715 1500 846 1535; x_wconf 82' lang='lat' dir='ltr'>gustum</span> <span class='ocrx_word' id='word_1_218' title='bbox 875 1503 949 1523; x_wconf 89' lang='lat' dir='ltr'>cum</span> <span class='ocrx_word' id='word_1_219' title='bbox 989 1491 1135 1522; x_wconf 81' lang='lat' dir='ltr'>exercitu</span> <span class='ocrx_word' id='word_1_220' title='bbox 1150 1514 1159 1530; x_wconf 91' lang='lat'>,</span> <span class='ocrx_word' id='word_1_221' title='bbox 1191 1493 1304 1533; x_wconf 83' lang='lat' dir='ltr'>sicque</span> 
     </span>
     <span class='ocr_line' id='line_1_51' title="bbox 717 1539 1302 1581; baseline -0.002 -11"><span class='ocrx_word' id='word_1_222' title='bbox 717 1550 826 1570; x_wconf 88' lang='lat' dir='ltr'>curam</span> <span class='ocrx_word' id='word_1_223' title='bbox 856 1539 972 1581; x_wconf 88' lang='lat' dir='ltr'>populi</span> <span class='ocrx_word' id='word_1_224' title='bbox 1002 1539 1157 1578; x_wconf 81' lang='lat' dir='ltr'>Romani,</span> <span class='ocrx_word' id='word_1_225' title='bbox 1182 1549 1279 1580; x_wconf 82' lang='lat' dir='ltr'>quem</span> <span class='ocrx_word' id='word_1_226' title='bbox 1293 1562 1302 1577; x_wconf 85' lang='lat'><strong>‚</strong></span> 
     </span>
     <span class='ocr_line' id='line_1_52' title="bbox 714 1586 1305 1624; baseline -0.003 -6"><span class='ocrx_word' id='word_1_227' title='bbox 714 1587 808 1618; x_wconf 85' lang='lat' dir='ltr'>hellis</span> <span class='ocrx_word' id='word_1_228' title='bbox 835 1586 987 1617; x_wconf 87' lang='lat' dir='ltr'>civilibus</span> <span class='ocrx_word' id='word_1_229' title='bbox 1014 1586 1222 1624; x_wconf 86' lang='lat' dir='ltr'>immersum,</span> <span class='ocrx_word' id='word_1_230' title='bbox 1248 1586 1305 1616; x_wconf 90' lang='lat' dir='ltr'>ali-</span> 
     </span>
     <span class='ocr_line' id='line_1_53' title="bbox 716 1632 1303 1676; baseline 0 -12"><span class='ocrx_word' id='word_1_231' title='bbox 716 1632 872 1676; x_wconf 77' lang='lat' dir='ltr'>quamdiu</span> <span class='ocrx_word' id='word_1_232' title='bbox 915 1639 1056 1668; x_wconf 81' lang='lat' dir='ltr'>aversata</span> <span class='ocrx_word' id='word_1_233' title='bbox 1099 1644 1147 1671; x_wconf 88' lang='lat' dir='ltr'>es,</span> <span class='ocrx_word' id='word_1_234' title='bbox 1184 1632 1303 1664; x_wconf 78' lang='lat' dir='ltr'>iterum</span> 
     </span>
     <span class='ocr_line' id='line_1_54' title="bbox 717 1680 1309 1723; baseline -0.002 -11"><span class='ocrx_word' id='word_1_235' title='bbox 717 1682 863 1723; x_wconf 85' lang='lat' dir='ltr'>suscipe:</span> <span class='ocrx_word' id='word_1_236' title='bbox 881 1680 983 1723; x_wconf 85' lang='lat' dir='ltr'>pudet</span> <span class='ocrx_word' id='word_1_237' title='bbox 1010 1681 1097 1711; x_wconf 87' lang='lat' dir='ltr'>enim</span> <span class='ocrx_word' id='word_1_238' title='bbox 1124 1691 1184 1712; x_wconf 85' lang='lat' dir='ltr'>nos</span> <span class='ocrx_word' id='word_1_239' title='bbox 1211 1681 1309 1711; x_wconf 85' lang='lat' dir='ltr'>scele-</span> 
     </span>
     <span class='ocr_line' id='line_1_55' title="bbox 716 1727 1306 1770; baseline 0 -11"><span class='ocrx_word' id='word_1_240' title='bbox 716 1728 773 1766; x_wconf 82' lang='lat' dir='ltr'>ris,</span> <span class='ocrx_word' id='word_1_241' title='bbox 793 1739 860 1770; x_wconf 90' lang='lat' dir='ltr'>quo</span> <span class='ocrx_word' id='word_1_242' title='bbox 887 1728 997 1759; x_wconf 86' lang='lat' dir='ltr'>divina</span> <span class='ocrx_word' id='word_1_243' title='bbox 1015 1727 1222 1770; x_wconf 83' lang='lat' dir='ltr'>humanaque</span> <span class='ocrx_word' id='word_1_244' title='bbox 1234 1729 1306 1768; x_wconf 78' lang='lat' dir='ltr'>jura</span> 
     </span>
     <span class='ocr_line' id='line_1_56' title="bbox 717 1774 1304 1818; baseline -0.003 -11"><span class='ocrx_word' id='word_1_245' title='bbox 717 1776 908 1807; x_wconf 88' lang='lat' dir='ltr'>violavimus</span> <span class='ocrx_word' id='word_1_246' title='bbox 920 1787 928 1814; x_wconf 93' lang='lat'>;</span> <span class='ocrx_word' id='word_1_247' title='bbox 943 1774 1046 1817; x_wconf 88' lang='lat' dir='ltr'>pudet</span> <span class='ocrx_word' id='word_1_248' title='bbox 1055 1774 1172 1806; x_wconf 82' lang='lat' dir='ltr'>vidisse</span> <span class='ocrx_word' id='word_1_249' title='bbox 1176 1774 1304 1818; x_wconf 83' lang='lat' dir='ltr'>fratres</span> 
     </span>
     <span class='ocr_line' id='line_1_57' title="bbox 716 1823 1306 1864; baseline 0 -10"><span class='ocrx_word' id='word_1_250' title='bbox 716 1825 774 1864; x_wconf 88' lang='lat' dir='ltr'>qui</span> <span class='ocrx_word' id='word_1_251' title='bbox 789 1823 965 1854; x_wconf 82' lang='lat' dir='ltr'>contrarias</span> <span class='ocrx_word' id='word_1_252' title='bbox 981 1829 1088 1864; x_wconf 85' lang='lat' dir='ltr'>partes</span> <span class='ocrx_word' id='word_1_253' title='bbox 1103 1823 1222 1861; x_wconf 86' lang='lat' dir='ltr'>secuti,</span> <span class='ocrx_word' id='word_1_254' title='bbox 1238 1834 1306 1855; x_wconf 79' lang='lat' dir='ltr'>sese</span> 
     </span>
     <span class='ocr_line' id='line_1_58' title="bbox 716 1869 1242 1901; baseline -0.004 0"><span class='ocrx_word' id='word_1_255' title='bbox 716 1871 833 1901; x_wconf 73' lang='lat' dir='ltr'>mutuo</span> <span class='ocrx_word' id='word_1_256' title='bbox 846 1869 1089 1901; x_wconf 82' lang='lat' dir='ltr'>interfecerunt.</span> <span class='ocrx_word' id='word_1_257' title='bbox 1239 1880 1242 1884; x_wconf 84' lang='grc'><strong><em>’</em></strong></span> 
     </span>
    </p>
   </div>
   <div class='ocr_carea' id='block_1_14' title="bbox 716 1939 1311 2302">
    <p class='ocr_par' dir='ltr' id='par_1_14' title="bbox 716 1939 1311 2302">
     <span class='ocr_line' id='line_1_59' title="bbox 769 1939 1307 1984; baseline 0.004 -14"><span class='ocrx_word' id='word_1_258' title='bbox 769 1951 821 1972; x_wconf 92' lang='lat'>11.</span> <span class='ocrx_word' id='word_1_259' title='bbox 841 1940 930 1981; x_wconf 80' lang='lat' dir='ltr'>Quid</span> <span class='ocrx_word' id='word_1_260' title='bbox 948 1950 1004 1971; x_wconf 84' lang='lat' dir='ltr'>nos</span> <span class='ocrx_word' id='word_1_261' title='bbox 1027 1940 1111 1971; x_wconf 85' lang='lat' dir='ltr'>dura</span> <span class='ocrx_word' id='word_1_262' title='bbox 1130 1939 1307 1984; x_wconf 61' lang='lat' dir='ltr'>refregimus</span> 
     </span>
     <span class='ocr_line' id='line_1_60' title="bbox 716 1984 1308 2029; baseline -0.002 -10"><span class='ocrx_word' id='word_1_263' title='bbox 716 1995 797 2019; x_wconf 80' lang='lat' dir='ltr'>aetas</span> <span class='ocrx_word' id='word_1_264' title='bbox 810 1999 821 2017; x_wconf 96' lang='lat'><em>:</em></span> <span class='ocrx_word' id='word_1_265' title='bbox 834 1984 986 2029; x_wconf 77' lang='lat' dir='ltr'>quid&#39;nos</span> <span class='ocrx_word' id='word_1_266' title='bbox 997 2011 1006 2026; x_wconf 94' lang='lat'>,</span> <span class='ocrx_word' id='word_1_267' title='bbox 1020 1989 1056 2018; x_wconf 88' lang='lat' dir='ltr'>in</span> <span class='ocrx_word' id='word_1_268' title='bbox 1070 1987 1130 2019; x_wconf 75' lang='lat' dir='ltr'>hac</span> <span class='ocrx_word' id='word_1_269' title='bbox 1146 1994 1236 2019; x_wconf 85' lang='lat' dir='ltr'>aetate</span> <span class='ocrx_word' id='word_1_270' title='bbox 1249 1988 1308 2019; x_wconf 85' lang='lat' dir='ltr'>du-</span> 
     </span>
     <span class='ocr_line' id='line_1_61' title="bbox 718 2033 1308 2077; baseline 0.003 -12"><span class='ocrx_word' id='word_1_271' title='bbox 718 2033 775 2072; x_wconf 81' lang='grc' dir='ltr'>νᾶ,</span> <span class='ocrx_word' id='word_1_272' title='bbox 810 2034 907 2077; x_wconf 67' lang='lat' dir='ltr'>impii·</span> <span class='ocrx_word' id='word_1_273' title='bbox 920 2058 929 2074; x_wconf 91' lang='lat'>‚</span> <span class='ocrx_word' id='word_1_274' title='bbox 960 2034 1091 2066; x_wconf 68' lang='lat' dir='ltr'>scelesta</span> <span class='ocrx_word' id='word_1_275' title='bbox 1111 2035 1308 2077; x_wconf 79' lang='lat' dir='ltr'>refugimus?</span> 
     </span>
     <span class='ocr_line' id='line_1_62' title="bbox 718 2081 1307 2125; baseline 0.003 -13"><span class='ocrx_word' id='word_1_276' title='bbox 718 2090 756 2113; x_wconf 88' lang='lat' dir='ltr'>ut</span> <span class='ocrx_word' id='word_1_277' title='bbox 780 2081 884 2120; x_wconf 67' lang='lat' dir='ltr'>infra,</span> <span class='ocrx_word' id='word_1_278' title='bbox 903 2084 947 2121; x_wconf 85' lang='lat' dir='ltr'>V,</span> <span class='ocrx_word' id='word_1_279' title='bbox 970 2083 1021 2121; x_wconf 86' lang='lat'>16,</span> <span class='ocrx_word' id='word_1_280' title='bbox 1040 2093 1060 2124; x_wconf 86' lang='lat'>9</span> <span class='ocrx_word' id='word_1_281' title='bbox 1082 2091 1090 2113; x_wconf 75' lang='grc' dir='ltr'><em>τ</em></span> <span class='ocrx_word' id='word_1_282' title='bbox 1114 2083 1307 2125; x_wconf 81' lang='lat' dir='ltr'>Impiaper-</span> 
     </span>
     <span class='ocr_line' id='line_1_63' title="bbox 719 2128 1309 2172; baseline 0.002 -12"><span class='ocrx_word' id='word_1_283' title='bbox 719 2130 831 2160; x_wconf 83' lang='lat' dir='ltr'>demus</span> <span class='ocrx_word' id='word_1_284' title='bbox 846 2129 955 2160; x_wconf 80' lang='lat' dir='ltr'>devoti</span> <span class='ocrx_word' id='word_1_285' title='bbox 967 2128 1137 2172; x_wconf 75' lang='lat' dir='ltr'>sanguinis</span> <span class='ocrx_word' id='word_1_286' title='bbox 1149 2138 1240 2162; x_wconf 82' lang='lat' dir='ltr'>oeeas.</span> <span class='ocrx_word' id='word_1_287' title='bbox 1261 2150 1309 2155; x_wconf 91' lang='lat'>—</span> 
     </span>
     <span class='ocr_line' id='line_1_64' title="bbox 724 2176 1310 2218; baseline 0.003 -11"><span class='ocrx_word' id='word_1_288' title='bbox 724 2177 836 2207; x_wconf 59' lang='lat' dir='ltr'>Unde.-</span> <span class='ocrx_word' id='word_1_289' title='bbox 850 2176 867 2207; x_wconf 73' lang='grc' dir='ltr'><em>ὲ</em></span> <span class='ocrx_word' id='word_1_290' title='bbox 881 2176 945 2218; x_wconf 70' lang='lat' dir='ltr'>qua</span> <span class='ocrx_word' id='word_1_291' title='bbox 960 2187 994 2208; x_wconf 88' lang='lat' dir='ltr'>re</span> <span class='ocrx_word' id='word_1_292' title='bbox 1014 2176 1079 2207; x_wconf 70' lang='lat' dir='ltr'>tam</span> <span class='ocrx_word' id='word_1_293' title='bbox 1093 2177 1180 2207; x_wconf 66' lang='lat' dir='ltr'>sacra</span> <span class='ocrx_word' id='word_1_294' title='bbox 1197 2189 1310 2209; x_wconf 87' lang='lat' dir='ltr'>manus</span> 
     </span>
     <span class='ocr_line' id='line_1_65' title="bbox 722 2223 1311 2264; baseline 0.005 -10"><span class='ocrx_word' id='word_1_295' title='bbox 722 2225 886 2255; x_wconf 82' lang='lat' dir='ltr'>continuit</span> <span class='ocrx_word' id='word_1_296' title='bbox 899 2225 1054 2264; x_wconf 82' lang='lat' dir='ltr'>juventus</span> <span class='ocrx_word' id='word_1_297' title='bbox 1065 2247 1073 2262; x_wconf 90' lang='lat'>‚</span> <span class='ocrx_word' id='word_1_298' title='bbox 1093 2223 1170 2256; x_wconf 87' lang='lat' dir='ltr'>deos</span> <span class='ocrx_word' id='word_1_299' title='bbox 1186 2225 1311 2257; x_wconf 72' lang='lat' dir='ltr'>ultores</span> 
     </span>
     <span class='ocr_line' id='line_1_66' title="bbox 723 2272 879 2302; baseline 0 0"><span class='ocrx_word' id='word_1_300' title='bbox 723 2272 858 2302; x_wconf 84' lang='lat' dir='ltr'>reverita</span> <span class='ocrx_word' id='word_1_301' title='bbox 866 2272 879 2302; x_wconf 68' lang='grc' dir='ltr'><strong><em>Ρ</em></strong></span> 
     </span>
    </p>
   </div>
   <div class='ocr_carea' id='block_1_15' title="bbox 1086 2348 1130 2372">
    <p class='ocr_par' dir='ltr' id='par_1_15' title="bbox 1086 2348 1130 2372">
     <span class='ocr_line' id='line_1_67' title="bbox 1086 2348 1130 2372; baseline 0.023 -1"><span class='ocrx_word' id='word_1_302' title='bbox 1086 2348 1130 2372; x_wconf 87' lang='lat'>12</span> 
     </span>
    </p>
   </div>
  </div>
 </body>
</html>
