1456 2508
167 131 231 150 222

549 122 590 164 Q.
615 121 795 153 nonArn
819 118 969 152 FLAcct

273 176 429 215 Cervice
448 179 606 228 pendet,
628 191 701 215 non
721 178 855 216 Siculae
874 177 988 226 dapes

323 239 480 274 Dulccm
499 237 748 274 elaborabunt
765 249 955 286 saporem3

376 299 462 333 Non
482 297 608 333 avium
627 296 855 344 citharaeque
874 303 1005 331 cantus
1323 309 1354 326 zo

274 358 454 392 Somnum
474 356 666 392 reducent.
687 358 850 392 Somnus
866 355 880 377 ⁶
901 353 1104 403 agrestium

276 414 387 450 Lenis
403 415 573 450 virorum
589 427 664 450 non
684 414 842 451 humiles
862 413 993 450 domos

326 473 483 510 Fastidit
494 502 503 518 ‚
526 473 816 522 umbrosamque
836 473 976 522 ripam,

379 534 465 568 Non
483 532 666 582 Zephyris
685 533 823 582 agitata
841 534 992 580 Tempe.

277 589 560 627 Desiderantem
577 591 679 640 quod
696 589 783 628 satis
798 599 853 628 est
864 618 874 636 ,
892 603 1015 639 neque
1326 599 1357 623 2⁵

175 731 240 762 haec
249 731 376 773 strophe
386 743 458 763 cnm
468 732 657 773 praecedenti
669 743 740 764 con·

175 779 329 816 nectitur;
351 779 436 809 solus
462 780 571 809 mortis
597 780 741 810 instantis

178 831 362 865 prospectus
390 831 490 862 vetat,
513 835 552 855 ne
571 826 660 865 quis,
676 825 741 855 sive

179 881 237 900 rex
247 893 255 907 ,
271 871 337 902 sive
349 870 465 901 nobilis
476 893 484 908 ,
497 871 561 901 sive
576 871 662 901 dives
675 871 744 900 bea—

181 922 249 946 tum
276 927 308 945 se
338 916 498 956 praedicet.
525 915 647 947 Verum
670 916 745 946 huic

181 962 372 1002 importunae
393 969 423 992 et
443 962 620 992 inevitabili
633 963 746 1003 cogita-

183 1008 261 1037 tioni
275 1007 393 1038 accedit
402 1031 410 1045 ‚
432 1006 519 1049 quoti
533 1009 678 1038 homines
693 1018 747 1048 po-

185 1054 333 1084 tentiores
343 1077 351 1092 ,
370 1054 412 1084 ob
427 1054 563 1084 assiduas
577 1064 666 1084 curas
677 1076 685 1091 ,
703 1054 746 1084 ob

187 1100 313 1129 timores
329 1099 447 1140 quibus
462 1099 727 1130 circumsidentur
737 1122 746 1137 ,

186 1144 297 1185 parum
309 1147 471 1175 suavitatis
492 1146 509 1176 e
525 1147 597 1176 vitae
614 1156 679 1175 suae
695 1144 747 1175 de-

183 1191 264 1221 liciis
279 1193 471 1232 percipiant3
485 1192 549 1221 imo
562 1192 662 1232 quieti
672 1202 751 1221 som-

186 1238 219 1266 ni
250 1236 450 1267 dulcedinem
472 1239 629 1278 ignorent.
656 1237 752 1277 Quod

187 1281 353 1314 confirmat
369 1294 426 1322 per
441 1283 627 1314 allusionem
643 1282 680 1312 ad
695 1294 752 1313 no-

187 1330 335 1359 tissimam
373 1329 532 1359 Damoclis
568 1329 729 1359 historiam
741 1351 750 1366 ‚

189 1385 261 1414 quae
287 1375 322 1404 in
343 1375 450 1404 Tullio
483 1375 618 1415 legitur,
643 1373 700 1405 lib.
721 1376 752 1404 V

188 1421 435 1452 Tusculanarum
451 1421 683 1460 Quaestionum.
693 1422 753 1451 Da-

189 1468 306 1497 mocles
327 1466 454 1507 qnidam
476 1467 625 1507 Dionysii
641 1464 754 1497 Siciliae

192 1515 319 1553 tyranni
337 1511 455 1542 aulicus
474 1519 504 1542 et
524 1518 695 1542 assentator
710 1513 756 1542 in-

189 1560 284 1600 signis
297 1558 369 1589 fuit.
386 1560 415 1588 Is
433 1557 507 1588 etun
521 1557 690 1598 aliquando
707 1569 755 1588 re-

191 1615 264 1645 gum
292 1605 413 1635 beatam
438 1611 553 1635 sortem
581 1603 687 1634 coram
710 1610 756 1645 ty-

191 1661 290 1681 ranno
313 1650 494 1687 extolleret,
518 1650 611 1689 jussit
630 1650 754 1690 Diony-

191 1697 255 1726 sius
278 1696 439 1727 hominem
463 1694 501 1726 ad
527 1696 642 1739 regiam
664 1705 753 1724 men-

191 1752 255 1772 sam
284 1741 447 1782 exquisitis
469 1748 611 1783 opertam
629 1740 755 1770 ferculis

191 1788 398 1818 accumbere:
420 1786 515 1818 simul
541 1797 645 1816 ensem
669 1786 756 1819 suic-

191 1841 260 1864 tnm
275 1833 370 1874 supra
384 1833 469 1863 illius
478 1834 628 1863 verticem
643 1830 756 1872 equina

189 1879 252 1910 seta
269 1879 418 1920 suspendi
436 1879 548 1909 voluit.
574 1881 648 1918 Quo
672 1884 759 1907 metu

192 1925 236 1956 ita
251 1926 444 1955 exanimatus
464 1931 510 1954 est
524 1924 688 1954 Damocles
698 1946 706 1960 ‚
722 1930 759 1952 ut

193 1981 234 2002 ne
259 1971 347 2001 cibos
369 1970 497 2011 quidem
520 1970 670 2010 attingere
699 1979 755 2009 po-

194 2018 298 2048 tuerit.
317 2034 363 2041 --
376 2015 567 2046 Destriccus:
582 2015 634 2046 alii
647 2015 756 2056 legunt

193 2062 347 2093 districtus
353 2074 366 2099 ;
392 2072 501 2092 sensus
526 2061 622 2091 idem.
640 2078 685 2083 —-
702 2061 756 2089 Sn-

187 2120 248 2148 per
264 2107 364 2149 impid
377 2107 493 2138 cervice
505 2118 517 2137 .·
542 2106 602 2136 sub
621 2104 755 2146 persona

190 2154 255 2196 sive
273 2154 450 2190 Damoclis‚
466 2153 521 2194 qui
541 2158 577 2182 ut
595 2151 754 2188 adulator,

187 2200 253 2231 sive
272 2201 438 2242 Dionysii,
456 2199 513 2240 qui
530 2205 565 2229 ut
583 2204 752 2240 tyrannm,

793 732 877 763 recte
907 730 1058 773 appellari
1091 730 1204 771 impius
1233 738 1353 772 potest,

795 777 1033 818 comprehendit
1045 778 1192 807 Horatius
1210 784 1355 818 potentes

795 824 964 864 quoslibet,
974 822 1091 864 quibus
1100 834 1187 853 mens
1200 824 1278 853 recti
1290 833 1355 854 non

796 877 842 900 est
873 871 1006 900 conscia.
1024 886 1071 892 —
1091 869 1225 899 Dulcem
1254 869 1359 899 elabo-

797 915 912 945 rabant
927 925 1070 955 saporem
1083 925 1094 944 :
1109 924 1253 955 suppone
1274 915 1359 945 aliud

797 959 1178 1001 verbum‚provocab1mc‚
1201 971 1232 991 v.
1246 972 1287 1003 g.,
1302 971 1358 991 ex-

798 1007 950 1043 citabunt,
983 1013 1037 1036 aut
1060 1006 1277 1047 quodcunque
1300 1005 1360 1036 fin-

799 1063 870 1094 gere
887 1053 1034 1088 libuerit,
1049 1050 1127 1092 quid
1147 1052 1221 1090 ista,
1237 1053 1264 1082 si
1278 1062 1362 1082 com-

800 1105 951 1139 parentur
966 1097 1064 1128 verbo
1085 1097 1133 1128 illi
1147 1097 1315 1138 graphico,
1332 1105 1363 1128 et

801 1146 869 1185 ipso
882 1143 1075 1185 syllabarum
1087 1153 1222 1173 numero
1233 1150 1265 1174 et
1278 1143 1363 1174 lenta

802 1191 951 1231 gravitate
965 1189 1118 1219 indicanti
1128 1211 1137 1226 ,
1150 1188 1267 1229 quanta
1280 1197 1344 1220 arte
1354 1212 1363 1228 ‚

805 1241 923 1276 quanto
935 1235 1042 1265 labore
1050 1245 1131 1275 opus
1143 1235 1183 1264 sit
1191 1257 1200 1272 ‚
1211 1241 1248 1265 ut
1258 1245 1364 1276 super-

805 1282 881 1311 bum
893 1277 1036 1321 opulenti
1045 1287 1076 1310 et
1087 1279 1238 1310 fastidiosi
1251 1291 1366 1311 comes-

805 1327 914 1357 sator-is
926 1327 1065 1367 palatum
1073 1347 1082 1363 ,
1095 1325 1241 1356 ciborum
1254 1326 1304 1356 vel
1313 1337 1366 1356 ex-

805 1372 1080 1413 quisitissimorum
1101 1381 1212 1412 sapore
1233 1371 1367 1402 delecte-

806 1425 871 1456 tur-3
885 1425 916 1448 et
931 1418 1155 1458 tamen,neque
1170 1427 1219 1447 ars
1226 1417 1291 1456 illa,
1304 1428 1362 1448 nec

807 1464 896 1494 labor
908 1463 1082 1504 quidquam
1093 1461 1250 1503 proficiet.

849 1509 880 1540 6.
890 1510 1024 1538 Somnus
1033 1519 1043 1538 :
1054 1509 1098 1539 sic
1108 1515 1254 1539 construe
1267 1518 1276 1540 :
1290 1519 1369 1539 som-

809 1566 867 1585 nus
888 1554 968 1585 lenis
995 1564 1058 1584 ηοη
1078 1553 1211 1595 fastidit
1235 1553 1368 1585 humiles

807 1601 917 1632 domos
946 1599 1116 1641 agrestium
1137 1599 1294 1631 virorum.
1319 1600 1370 1631 sic

806 1648 894 1688 Vix-g.
914 1645 1062 1686 agricolas
1083 1644 1230 1683 laudans,
1250 1646 1308 1677 Ge.
1319 1647 1369 1683 11,

808 1698 872 1731 470
888 1702 895 1723 :
910 1692 1086 1732 Mollesque
1097 1691 1151 1720 sub
1167 1691 1277 1722 arbore
1288 1701 1370 1721 som-

809 1737 844 1767 ηἰ
860 1739 936 1768 Νοη
953 1737 1078 1768 absunt.
1091 1735 1259 1777 Cur?quia
1274 1746 1373 1779 agres-

809 1784 894 1813 tibus
913 1783 988 1813 viris
1014 1793 1123 1812 secura
1139 1782 1228 1823 quies
1249 1789 1281 1813 ec
1301 1782 1373 1813 vita

800 1829 922 1871 fallere
931 1827 1053 1864 nescia5
1071 1829 1155 1868 quia,
1165 1835 1309 1858 extrema
1313 1839 1374 1868 per

811 1875 881 1905 illos
890 1873 1028 1910 Iustitia,
1040 1874 1199 1903 excedens
1205 1872 1293 1904 tern's
1303 1883 1372 1904 ves-

811 1919 888 1962 tigia
900 1919 993 1961 sec-ic.
1007 1919 1090 1950 Ibid.
1115 1919 1224 1950 confer
1245 1920 1371 1949 univer-

810 1977 879 1996 sum
892 1966 1008 1996 locum.
1017 1981 1063 1988 -·
1072 1965 1314 2006 Umbrosamque
1330 1964 1370 1995 ri-

802 2022 892 2052 pam,
909 2013 1023 2051 Tempe
1035 2022 1046 2041 :
1058 2012 1092 2042 in
1105 2010 1222 2052 quibus
1235 2011 1371 2051 quiesce-

807 2068 840 2088 re
855 2063 960 2087 amant
974 2057 1128 2098 simplices
1146 2055 1192 2086 illi
1205 2056 1347 2086 homines
1358 2079 1367 2093 ,

808 2102 883 2134 dum
899 2102 1043 2143 opulenti
1057 2103 1116 2133 viri
1125 2103 1160 2132 in
1174 2101 1324 2141 mollibus
1339 2109 1370 2131 et

807 2150 921 2179 auratis
935 2149 1038 2180 stratis
1055 2149 1231 2180 insomnem
1244 2153 1371 2178 noctem

808 2194 988 2226 traducu'nt.
