1416 2508
171 148 212 171 ιν·
644 136 920 173 PRAEFATIO.

173 213 254 270 prii
280 211 466 253 auctoris
493 212 669 252 nomine
695 211 844 254 sedulo
869 213 1109 256 curavimus
1137 213 1367 272 designari,

175 294 229 320 ne
252 279 397 330 injusti
410 278 514 319 furti
529 278 686 319 crimen
711 279 1038 322 incurreremus.

227 345 304 385 His
333 343 534 399 exceptis,
560 343 739 399 reliqua,
760 344 1084 402 qualiacumque
1102 349 1128 387 a
1147 347 1363 389 severissi-

169 411 247 451 mis
272 410 406 451 nostri
435 409 590 450 laboris
619 411 885 452 exactoribus
910 411 1188 466 aestimentur,
1219 421 1362 456 nostra

167 486 284 527 sunt3
311 490 468 531 neque,
493 474 527 514 si
550 473 654 530 quid
677 476 720 515 in
747 490 798 516 eo
815 475 917 516 boni
942 476 1265 530 inestrlaudem
1287 478 1362 520 ab·

168 542 359 592 nuimus,
385 556 548 596 neque,
581 541 615 580 si
643 539 746 596 quid
779 540 899 592 mali,
930 541 1131 584 invidiam
1162 541 1362 600 depreca-

167 622 275 647 mur.
305 608 410 647 Rem
437 606 551 662 apud
583 621 660 646 nos
686 606 891 648 hactenns
918 608 1188 662 intentatam,
1217 608 1362 652 saltem

167 671 209 711 in
241 671 444 723 Horatio,
481 670 648 712 efficere
678 671 781 712 enisi
806 685 982 723 sumus„
1012 673 1363 715 commentarium

165 737 323 778 scilicet
338 737 391 777 ab
411 737 527 778 omni
541 735 1023 793 superlluaeeruditionis
1039 739 1142 780 luxu
1158 738 1358 793 liberum,

163 802 209 843 in
235 818 322 858 quo
345 802 449 842 nihil
469 801 523 842 ad
543 802 863 858 explicationem
888 804 1113 845 necessarii
1139 804 1361 857 omissum,

163 867 361 908 studiosae
379 868 591 919 juventuti
609 867 729 921 utile,
749 869 1050 910 maturioribus
1073 879 1208 926 poetae
1224 870 1359 911 nostri

167 931 493 974 admiratoribus
521 944 706 989 gratum,
736 934 854 990 quod
883 936 1129 976 memoriam
1165 935 1359 990 adjuvet,

162 1013 250 1039 non
270 999 446 1051 obruat5
467 998 652 1039 difficilia
671 1000 938 1058 investiganti
962 1017 1134 1043 manum
1154 1003 1356 1059 praebeat,

163 1078 251 1105 non
286 1078 416 1106 novas
447 1079 585 1105 moras
617 1076 780 1119 nectat,
810 1082 904 1113 non.
928 1078 1095 1110 moveat
1124 1067 1357 1121 fastidium3

162 1128 292 1169 latina
317 1130 519 1186 gravitate
544 1130 779 1188 gallicoque
803 1131 950 1190 lepore
982 1134 1091 1176 bene
1115 1133 1294 1176 mixtum
1309 1149 1357 1175 ac

163 1196 446 1251 compositum
460 1213 470 1249 ;
508 1197 562 1238 ad
603 1212 797 1240 normam
831 1198 1015 1257 denique
1050 1200 1184 1257 ipsius
1223 1211 1358 1257 poetae

162 1259 403 1314 redactum,
431 1263 522 1318 qui,
539 1275 588 1305 ut
614 1266 815 1305 Romanae
841 1281 1020 1322 poeseos
1051 1266 1275 1323 magister,
1297 1266 1358 1318 sic

159 1325 272 1367 facili
299 1327 528 1369 verborum
555 1330 780 1387 elegantia,
808 1331 1120 1388 cultissimaque
1150 1333 1356 1374 sermonis

161 1394 417 1450 negligentia
437 1396 544 1435 inter
572 1397 792 1448 amabiles,
823 1409 871 1437 ut
899 1398 988 1453 ipsc
1024 1398 1099 1451 ait,
1132 1407 1355 1454 poetarum

159 1460 287 1500 aetatis
296 1470 450 1500 nostrae
460 1461 610 1514 choros,
619 1464 654 1504 J.
667 1463 922 1503 Fontanium
932 1463 1042 1504 inter
1056 1474 1098 1505 et
1104 1463 1354 1519 Voltarium‚

160 1523 304 1566 sedem
320 1527 534 1583 propriam
548 1561 558 1581 ‚
577 1543 716 1570 comes
731 1543 819 1569 non
836 1528 1109 1582 inficiandus,
1129 1531 1353 1574 obtineret.

217 1592 390 1633 Utinam
407 1608 505 1634 cum
530 1593 698 1636 duobus
727 1594 806 1635 illis
836 1595 1171 1637 excellentissimi
1194 1596 1354 1656 ingenii

161 1657 326 1699 vatibus
351 1658 456 1699 illud
476 1659 622 1701 saltem
651 1676 876 1703 commune
903 1676 990 1702 non
1021 1672 1131 1703 esset
1149 1663 1354 1719 Horatio,

162 1722 281 1779 quod
305 1724 392 1776 ejus
413 1726 598 1767 carmina
622 1742 710 1768 non
737 1728 827 1769 sine
853 1742 1007 1784 magno
1032 1727 1264 1770 honestatis
1279 1745 1355 1786 pu·

161 1787 364 1846 dorisque
384 1790 638 1835 detrimento
654 1792 886 1835 identidem
899 1794 980 1851 legi
991 1806 1170 1851 possunt
1180 1797 1188 1836 !
1198 1796 1353 1839 Absol-

159 1866 228 1896 vat
244 1871 363 1909 eum,
389 1857 423 1897 si
442 1857 502 1899 fas
523 1870 608 1912 est,
629 1860 780 1917 linguae
796 1860 880 1916 qua
893 1875 995 1902 usus
1011 1873 1092 1914 est,
1113 1871 1352 1918 temporum

160 1922 315 1977 quibus
324 1923 439 1976 vixit,
451 1924 663 1982 religionis
677 1927 746 1967 cui
754 1925 946 1967 addictus
961 1926 1059 1980 fuit,
1073 1927 1257 1969 licentia!
1268 1930 1309 1971 N
1311 1945 1354 1971 ο-

161 1986 225 2027 bis
236 1991 351 2041 vero,
370 1988 514 2032 Musas
527 1992 755 2033 severiores
766 1990 1027 2049 pudicasque
1038 1994 1168 2050 magis
1180 1993 1353 2037 colenti-

158 2052 258 2106 bus,
282 2053 327 2094 in
353 2053 486 2097 dubio
514 2056 759 2114 aliquandiu
790 2059 874 2100 fuit
895 2058 999 2100 num
1024 2059 1116 2100 loca
1135 2059 1352 2104 evidenter

161 2118 385 2161 criminosa
405 2122 582 2164 omnino
607 2123 780 2165 eradere
793 2157 804 2178 ‚
829 2137 903 2167 aut
918 2125 1033 2166 nulla
1051 2125 1196 2167 saltem
1220 2126 1352 2166 inter-

161 2187 394 2241 pretatione
422 2187 633 2232 elucidare
658 2189 923 2234 deberemus.
943 2193 1006 2234 Re
1029 2189 1228 2234 attentius
1250 2205 1349 2247 per-
