1456 2508
0 36 26 64 ..7.
76 34 79 37 η
91 26 97 36 Ξ
109 41 115 50 Γ
265 46 271 58 Ι

503 109 583 142 LIB.
608 109 658 140 111
684 109 773 141 ODE
797 108 858 140 VI.

1234 106 1300 138 253

190 166 291 208 Hinc
309 179 422 206 omne
442 166 697 221 principium,
717 167 795 205 huc
814 165 917 204 refer
936 164 1094 203 exitum.

243 227 296 266 Di
312 229 410 267 mihi
425 229 546 267 multa
561 228 725 280 neglecti
744 227 934 266 dederunt

294 291 492 342 Hesperiae
508 291 607 328 mala
618 291 816 328 luctuosae.

189 353 210 391 J
215 353 276 389 am
291 350 352 390 bis
370 354 559 389 Monaeses
579 350 595 374 ³
614 359 653 388 et
669 350 803 388 Pacori
825 362 959 387 manus

194 415 284 451 Non
302 412 519 463 auspicatos
539 411 714 450 contudit
732 411 900 462 impetus
1269 427 1298 442 ιο

242 475 424 522 Nostros,
442 483 481 512 et
500 472 682 525 adjecisse
704 471 874 523 praedam

297 534 519 586 Torquibus
536 533 686 585 exiguis
706 532 868 571 renidet.

194 597 304 635 Paene
334 603 560 647 occupatam
579 593 833 636 seditionibus

196 658 353 697 Delevit
370 657 508 697 urbem
519 660 648 696 Dacus
668 664 705 694 et
722 655 900 709 AEthiops
916 655 946 703 4,

90 846 164 868 mus
194 835 389 879 religionum
421 835 531 866 cultor
558 835 672 868 Camil-

90 884 142 915 lus
154 907 163 924 ,
176 885 321 915 oratione
338 881 402 924 qua
424 882 585 924 populum
603 885 671 914 Ro-

91 941 223 963 manum
230 931 330 962 Veios
338 931 475 971 migrare
489 929 670 971 prothuit.

92 977 290 1015 Intuemini,
310 978 435 1018 inquit,
449 976 561 1007 horum
578 975 673 1007 dein-

93 1036 168 1068 ceps
181 1035 345 1056 annorum
356 1024 417 1054 vel
428 1024 586 1055 secundas
599 1034 650 1054 res
658 1047 667 1060 ‚

92 1072 153 1103 vel
179 1071 352 1109 Μίκκα-ς,-
369 1070 539 1102 invenietis
560 1070 672 1101 omnia

91 1119 242 1161 prosper&
290 1117 431 1150 evenisse
473 1117 673 1160 sequentibus

95 1166 186 1204 deos,
212 1165 349 1197 adversa
374 1165 606 1207 spernentibus.
627 1182 674 1188 —

94 1213 184 1245 Hinc
199 1223 296 1244 omne
307 1212 524 1256 principium,
544 1212 604 1242 Ιιῐιε
627 1223 674 1243 re-

87 1260 147 1303 fir
164 1256 288 1293 civicum
301 1272 314 1291 .·
331 1259 493 1302 quidquid
519 1259 671 1300 incipias,

96 1309 292 1350 quicumque
307 1308 350 1338 sit
363 1308 411 1338 rei
423 1308 561 1348 inceptae
577 1317 674 1336 even-

96 1362 164 1395 tus,
183 1354 261 1386 deos
273 1354 399 1396 semper
410 1355 533 1396 respice
542 1377 550 1392 ,
566 1364 621 1384 seu
634 1353 676 1383 fa-

95 1413 208 1434 vorem
231 1401 366 1433 illorum
393 1401 434 1432 ab
449 1402 544 1432 initio
564 1411 675 1442 preca-

97 1456 208 1488 turus,
226 1460 284 1480 seu
299 1449 413 1491 gratias
434 1455 563 1482 acturus
579 1447 623 1478 oh
636 1448 677 1478 fe-

98 1496 194 1527 licem
210 1497 353 1534 exitum‚
373 1495 440 1526 sive
464 1495 603 1536 denique
630 1495 678 1525 in—

99 1543 220 1574 faustos
229 1552 390 1573 successus
397 1541 564 1573 humiliter
569 1552 678 1584 accep-

99 1596 194 1620 turus
203 1611 213 1628 ,
223 1596 256 1620 et
267 1599 380 1620 eorum
391 1589 472 1619 iram
481 1589 676 1631 placaturus.

100 1635 322 1679 —Hesperioe
349 1636 502 1668 luctuosae
519 1647 531 1667 .·
554 1635 678 1667 infelici

100 1683 211 1716 Italiae.

150 1731 183 1762 3.
199 1730 276 1762 Ιὰπι
290 1730 338 1761 bis
349 1732 510 1761 Monoeses
519 1730 679 1762 ecPacori

102 1788 218 1810 manus
232 1789 245 1808 .·
262 1777 326 1810 Alii
340 1777 502 1809 Monoesis.
518 1779 678 1809 Monaeses

100 1826 159 1856 iste
182 1835 218 1856 ac
238 1827 380 1857 Pacorus
401 1824 520 1856 Ortxlis
543 1824 678 1856 Partho-

98 1882 172 1904 rum
184 1872 271 1914 τεεί»
283 1870 344 1902 filii
358 1870 464 1910 fuere,
482 1878 514 1902 et
525 1871 617 1902 hellis
630 1873 675 1903 ci-

98 1919 219 1950 vilibus
241 1926 316 1961 post
335 1919 466 1950 Caesaris
479 1929 591 1949 necem
608 1925 675 1950 tur-

96 1964 171 1998 bata
186 1964 370 2008 republica,
380 1964 550 2005 adjuvante
562 1968 601 1997 T.
617 1968 674 1997 La-

98 2012 198 2044 bieno
227 2013 351 2055 Syriam
371 2011 536 2051 invasere,
563 2012 675 2043 rebus-

100 2071 164 2102 que
184 2059 320 2090 feliciter
337 2057 395 2090 dih
414 2060 528 2100 gesu'5‚
546 2059 676 2090 tandem

99 2109 238 2139 Pacorus
248 2129 258 2146 ,
273 2105 357 2137 duce
371 2106 526 2137 Ventidio
536 2129 546 2144 ‚
561 2106 676 2150 magna

100 2164 236 2185 suorum
267 2159 372 2195 strage
401 2153 567 2185 occubuit.
600 2156 676 2195 Quo

101 2211 184 2232 caeso
211 2199 288 2231 cum
302 2199 426 2232 Orodes
446 2207 535 2242 pater
550 2200 678 2232 Phraati

100 2257 236 2291 regnum
263 2248 358 2279 vivus
384 2247 567 2287 detulisset,
586 2248 678 2290 isque

234 2303 264 2339 Ι.

725 844 807 864 caeso
829 838 919 875 patre
947 842 983 862 ac
1001 831 1171 871 fratribus,
1190 832 1303 864 crude-

724 880 843 911 lissime
872 880 1064 921 imperaret,
1085 881 1244 911 Monaeses
1268 881 1309 911 ad

725 928 909 958 Antonium
949 926 1138 968 transfugit,
1169 937 1308 969 eumque

726 972 879 1005 adversus
911 973 1079 1004 Phraatem
1110 974 1215 1014 juvit,
1253 975 1308 1005 sed

725 1021 847 1052 infelici
881 1022 971 1052 exitu
1000 1021 1089 1052 belli.
1121 1022 1305 1062 Jus‘rmus,

726 1069 784 1099 lib.
807 1069 1006 1105 42.—Non
1030 1067 1213 1109 auspicatos
1230 1080 1305 1100 con—

727 1115 812 1146 tudit
837 1115 972 1157 impetus
1002 1126 1014 1146 .·
1046 1115 1214 1153 Crassum,
1249 1118 1308 1158 qui

728 1162 842 1193 contra
857 1163 1075 1204 auspiciorum
1091 1164 1214 1193 monita
1228 1174 1309 1206 pug-

728 1217 880 1248 naverat,
908 1211 1033 1252 ingenti
1062 1209 1151 1240 clade
1180 1210 1308 1243 afflixit.

727 1274 775 1281 --
790 1259 836 1287 Et
862 1256 1020 1299 adjecisse
1047 1257 1196 1298 pra’dam
1229 1259 1307 1289 Tor-

728 1304 840 1346 quibus
862 1303 990 1347 exiguis
1015 1304 1141 1335 renidet
1159 1315 1171 1334 .·
1192 1305 1310 1348 gaudet

730 1352 879 1391 adjecisse
905 1351 1078 1393 torquibus
1112 1353 1177 1382 suis
1210 1353 1310 1394 spolia

729 1406 838 1430 nostra
850 1422 858 1438 ‚
873 1398 962 1429 unde
975 1409 1029 1429 eos
1042 1398 1142 1440 vulgo
1155 1400 1290 1441 exiguos
1300 1425 1310 1440 ‚

731 1446 847 1476 additis
876 1446 972 1476 novis
999 1447 1216 1484 ornamentis,
1245 1457 1310 1477 am-

730 1492 895 1535 plificavit.
913 1492 1062 1524 Solemue
1084 1499 1151 1524 erat
1166 1493 1309 1533 Parthis,

731 1551 844 1571 aureos
857 1547 990 1580 torques
1007 1547 1140 1582 gestare.

778 1594 809 1625 4.
827 1586 932 1617 Ραήὲ
957 1594 1149 1628 occupatam
1178 1587 1308 1619 sedicio-

731 1635 822 1665 nibus
843 1634 970 1664 Delevie
999 1634 1108 1665 urbem
1133 1636 1244 1665 Dacus
1278 1643 1310 1666 et

731 1681 879 1722 AEthiops
889 1692 899 1711 :
912 1679 1027 1722 parum
1041 1682 1144 1712 abfuit
1155 1682 1235 1723 quin
1245 1683 1312 1713 An-

730 1730 839 1760 tonius
849 1728 866 1758 a
880 1730 977 1759 Dacis
990 1735 1022 1759 et
1035 1728 1076 1759 ab
1085 1730 1245 1771 AEgyptiis
1261 1730 1312 1760 ad-

730 1777 837 1816 jutus,
853 1775 1021 1807 invaderet
1036 1778 1171 1808 Romam
1188 1776 1312 1808 domes-

732 1825 804 1854 ticis
821 1822 960 1854 dissidiis
977 1822 1023 1853 itia
1042 1823 1230 1865 impeditam
1241 1848 1249 1863 ,
1272 1832 1310 1855 ut

730 1872 918 1913 ingruentes
938 1870 1155 1902 Barbarorum
1174 1871 1308 1902 illorum

730 1919 838 1959 copias
867 1917 924 1949 vix
947 1928 984 1948 ac
1018 1928 1060 1948 ne
1084 1918 1141 1949 vix
1175 1919 1308 1960 quidem

728 1965 916 2007 propulsare
932 1965 1100 2007 potuisset.
1115 1966 1215 1997 Multi
1231 1967 1311 1997 Daci

729 2012 782 2043 vel
796 2012 923 2054 Scythae
942 2012 1002 2043 sub
1021 2013 1169 2044 Antonio
1189 2013 1306 2044 milita—

728 2059 823 2098 bant;
852 2066 884 2089 et
905 2059 1007 2090 eidem
1034 2059 1110 2089 duci
1136 2061 1309 2102 AEgyptios

728 2117 804 2137 suos
817 2105 898 2148 (qui
919 2106 972 2137 hic
995 2106 1160 2148 AEthiopes
1187 2118 1306 2138 vocan-

730 2152 804 2196 tur)
840 2155 1076 2195 mancipaverat
1120 2153 1304 2196 Cleopatra,

729 2200 806 2231 ditm
831 2200 994 2241 Capitolio
1014 2200 1179 2232 dementes
1197 2202 1308 2233 minas

732 2255 764 2278 et
787 2246 928 2289 Imperio
944 2247 1045 2291 fimus
1063 2256 1218 2290 pararet,
1235 2259 1308 2294 sup.

1104 2314 1151 2339 22
