1416 2508
592 132 875 170 PRAEFATIQ
1310 143 1331 164 x·

115 216 270 275 pensa,
294 225 500 257 neutrum
520 212 695 272 placuit.
716 213 752 253 E
774 210 949 253 duobus
970 210 1061 252 istis
1084 213 1318 270 propositis
1332 247 1342 266 ‚

115 283 296 326 alterum
305 316 317 339 ,
330 283 548 342 posterius
561 280 721 323 scilieet
731 313 742 335 ,
757 278 802 321 id
815 295 962 322 secum
976 279 1153 323 afferret
1167 281 1336 323 incom-

103 349 256 405 ·modi‚
275 361 326 393 ut
339 351 433 410 ipsa
451 360 654 392 notarum
668 346 823 390 lacuna
846 347 901 390 de
923 349 1065 390 textus
1082 360 1337 407 argumento

112 428 160 461 et
176 419 356 462 materia
376 419 566 477 legentes
585 416 945 470 admonerentur,
973 426 1017 458 et
1039 428 1237 474 negatam
1258 417 1339 458 sibi

115 487 519 546 interpretationem
544 483 634 529 sive
658 487 681 527 a
698 499 743 527 se
764 485 892 543 ipsis,
918 484 1115 527 alacriori
1132 483 1279 526 studio
1298 497 1340 526 et

113 554 257 597 altiori
278 554 626 621 investigatione,
653 563 876 611 peterent,
898 553 986 594 sive
1014 553 1067 594 ab
1088 551 1179 594 aliis
1202 553 1339 594 inter-

116 622 312 681 pretibus
329 621 584 680 periculosa
607 622 743 680 magis
772 621 1024 663 curiositate
1047 620 1338 662 sollicitarent.

115 690 315 733 Alterum
341 691 446 732 vero
478 688 659 732 editioni
685 699 844 731 nostrae
863 689 956 730 sine
975 688 1061 729 ulla
1085 704 1340 746 compensa-

116 768 238 799 tione
255 768 499 810 nocuisset5
519 756 619 799 eum
634 767 702 799 tot
715 767 757 798 et
771 757 922 798 revera
944 756 1181 797 innumerae
1197 767 1343 798 extent

118 824 287 866 Horatii
318 823 553 878 editiones,
584 824 630 866 in
674 823 833 880 quibus
867 823 1059 881 reperire
1094 822 1342 872 facillimum

119 891 240 950 quod
252 891 298 932 in
313 891 395 933 hac
410 892 559 934 nostra
576 891 731 933 fuisset
746 889 1050 932 desideratum.

176 959 400 1002 Fiduciam
433 960 652 1018 integrum
682 958 912 1002 Horatium
949 958 1180 1000 edentibus
1206 960 1346 1012 auxit,

61 1058 74 1068 .
121 1026 242 1086 quod
256 1025 494 1069 timidiores
506 1043 587 1069 nos
607 1038 650 1069 et
675 1027 804 1068 nimis
825 1026 950 1067 anxie
966 1024 1128 1084 rigidos
1144 1025 1347 1067 exhibere.

110 1095 408 1156 poenituisset,
425 1094 545 1149 cum,
562 1095 913 1154 gravissimorum
926 1093 1123 1136 virorum
1143 1094 1347 1151 exemplis

110 1163 436 1223 praeeuntibus,
458 1163 568 1204 nihil
596 1163 721 1217 novi,
743 1162 852 1204 nihil
871 1162 1073 1204 intentati
1090 1162 1217 1203 nobis
1234 1178 1351 1204 arro-

117 1246 220 1291 gare
238 1230 499 1274 videremur.
518 1231 625 1286 Quis
645 1233 761 1273 enim
784 1231 921 1272 nescit
936 1230 981 1270 in
1002 1230 1052 1271 iis
1071 1230 1176 1287 ipsis
1192 1230 1348 1272 Classi—

117 1313 273 1342 corum
286 1297 498 1340 librorum
513 1297 777 1340 editionibus
795 1314 902 1356 quas
918 1298 959 1339 in
966 1297 1350 1351 stituendaejuven-

120 1366 204 1409 tuti
225 1365 424 1424 religiosa
438 1366 744 1424 magistrorum
764 1365 998 1408 auctoritas
1022 1364 1285 1423 designavit,
1303 1365 1348 1407 in

121 1433 326 1493 Virgilio,
345 1433 468 1476 verbi
486 1433 621 1491 gratia
635 1466 646 1486 ‚
663 1434 709 1475 in
733 1433 853 1476 Livio
864 1467 875 1488 7
896 1433 940 1474 in
955 1433 1106 1475 Tacito
1123 1433 1268 1491 plures
1282 1433 1348 1475 lo-

122 1518 196 1546 cos
217 1517 417 1556 manere,
444 1517 555 1559 quos
582 1502 636 1543 ab
664 1500 1005 1544 adolescentium
1032 1500 1168 1544 oculis
1192 1513 1234 1543 et
1254 1503 1347 1543 ani·

121 1571 202 1614 mis
215 1585 442 1613 removere
455 1568 587 1612 satius
606 1570 788 1612 fortasse
803 1569 967 1622 fuerat3
990 1580 1167 1610 manent
1180 1571 1323 1612 tamen
1337 1604 1347 1623 ‚

123 1651 166 1681 et
196 1636 390 1697 quotidie
415 1637 614 1679 manibus
631 1638 841 1691 juvenum
869 1647 1099 1690 teruntur3
1130 1652 1276 1693 neque
1306 1638 1346 1677 in

124 1707 298 1764 antiqua
314 1739 326 1762 ‚
353 1720 496 1763 neque
525 1706 570 1747 in
590 1705 789 1764 praesenti
813 1705 1091 1746 universitate
1118 1706 1346 1762 quisquam

125 1773 335 1816 hactenus
354 1773 556 1815 inventus
576 1784 663 1827 est,
683 1773 759 1830 qui
779 1772 1012 1830 scriptores
1033 1771 1150 1826 illos,
1173 1773 1349 1814 nonnisi

123 1855 301 1884 mancos
324 1851 369 1883 et
385 1840 604 1883 mutilatos
626 1840 670 1882 in
688 1841 856 1883 scholas
882 1851 1051 1882 nostras
1068 1840 1350 1883 introducere

125 1909 365 1952 tentaverit.

70 2010 73 2011 ν
128 2012 132 2013 ⁷
185 1978 425 2036 Turpioni,
438 1975 648 2032 fatemur,
669 1987 712 2018 et
727 1976 999 2018 obscoeniora
1017 1976 1247 2018 Horatium
1270 1976 1349 2017 ali-

126 2044 305 2102 quando
322 2045 634 2089 dehonestant.
658 2045 814 2102 Neque
840 2043 940 2085 ideo
967 2043 1181 2086 dubitavit
1210 2061 1260 2088 ea
1286 2060 1355 2086 cx-

124 2115 285 2173 plicare
322 2115 567 2169 Dacierius‚
600 2124 644 2157 et
678 2113 831 2155 sedulo
863 2112 1082 2167 evolvere⁷
1123 2114 1351 2155 vernacula

124 2182 272 2242 lingua
310 2198 437 2236 usus3
472 2184 538 2227 vir
574 2181 750 2224 aliunde
785 2181 1004 2240 religionis
1035 2181 1353 2239 probitatisque

123 2249 234 2292 fama
256 2266 346 2294 non
362 2251 507 2294 minus
533 2253 663 2309 quam
681 2249 879 2293 doctrina
904 2260 946 2291 et
966 2247 1213 2292 eruditione
1231 2264 1352 2292 com-

1074 2330 1119 2367 a*
