1456 2508
495 98 575 131 Lm.
601 98 652 129 111
675 98 764 130 one
787 98 848 130 xt.
887 138 893 143 ,
1226 100 1293 139 273

118 152 124 159 ’
179 159 301 200 Cessit
319 158 495 198 immanis
514 158 586 196 tibi
604 157 822 196 blandienti
1264 166 1294 191 1⁵

420 218 572 258 Janitor
591 218 688 256 aulae

181 281 374 320 Cerberus
386 309 396 328 ‚
416 277 591 332 quamvis
610 279 750 317 furiale
767 288 922 318 centum

181 343 362 381 Muniant
380 355 523 394 angues
542 349 658 392 caput
677 340 772 392 ejus,
799 349 916 392 atque

183 403 350 455 Spiritus
369 412 467 442 teter
485 402 686 452 saniesque
703 411 846 440 manet.

427 466 507 502 Ore
523 463 708 513 trilingui.

1262 480 1293 497 20

186 526 291 574 Quin
309 534 347 563 et
362 525 474 563 Ixion
490 523 505 548 ⁵
522 524 734 575 Tityosque
746 523 858 563 vultu

184 587 284 626 Risit
303 586 424 624 invito
431 601 442 634 3
461 585 566 623 stetit
586 598 683 622 urna
697 585 857 635 paulum

187 647 316 694 Sicca,
337 645 429 684 dum
447 654 557 696 grato
575 645 700 682 Danai
719 644 866 695 puellas

425 706 602 745 Carmine
621 705 775 743 mulces.

186 768 331 807 Audiat
348 768 455 819 Lyde
474 769 597 806 scelus
619 766 646 815 ⁶,
664 775 778 817 atque
797 775 908 805 notas
1264 778 1295 803 25

187 830 390 882 Virginum
410 843 559 881 poenas,
580 838 618 867 et
636 829 749 867 inane
765 828 931 880 lymphae

188 891 345 930 Dolium
361 890 480 929 fundo
499 890 695 941 pereuntis
714 891 792 928 imo
805 918 816 938 ,

426 953 598 1002 Seraque
618 951 695 989 fata

85 1105 144 1138 dit,
163 1123 210 1130 -—
237 1105 310 1138 Tibi
341 1104 527 1138 blandienti
557 1119 569 1138 .·
601 1106 662 1139 tibi

84 1153 202 1184 blande
219 1154 348 1185 maenti
358 1165 366 1192 3
377 1154 588 1185 -immanis
601 1166 612 1185 :
627 1156 663 1186 in

83 1201 303 1238 nominativo,
321 1212 389 1232 non
405 1203 441 1233 in
456 1203 616 1244 genitivo,
626 1209 664 1232 nt

84 1247 200 1279 volunt
231 1248 406 1280 Lambinus
430 1256 462 1279 et
484 1249 664 1281 Mitscherl.

85 1311 132 1318 —-
149 1294 255 1336 Caput
276 1294 345 1338 ejus
358 1307 370 1326 :
387 1296 485 1327 lectio
508 1297 661 1328 omnibus

85 1341 253 1373 codicibus
269 1341 459 1374 confirmata
469 1367 478 1382 ,
498 1355 595 1385 quam
612 1343 661 1374 id-

85 1389 174 1420 circo
198 1389 400 1422 retinuimus.
419 1391 573 1422 Attamen
590 1402 661 1421 ver-

85 1435 166 1467 bum
185 1435 270 1477 ejus,
292 1436 387 1467 nimis
413 1444 510 1468 tenne
536 1444 568 1468 et
590 1438 660 1468 lan-

86 1482 220 1525 guidum
232 1505 242 1521 ‚
259 1493 320 1525 pro
343 1485 493 1514 carminis
517 1485 663 1516 sublimi-

85 1536 151 1560 tate
161 1552 171 1568 ,
186 1530 331 1562 Bentleio
341 1552 351 1568 ,
376 1531 591 1573 Cum’ngham.
603 1555 612 1570 ,
632 1539 664 1563 et

87 1575 157 1608 aliis
176 1577 282 1608 visum
306 1578 404 1608 fuisse
426 1588 495 1609 non
513 1578 664 1610 dissimu-

86 1623 222 1656 landum
251 1631 318 1663 est3
342 1624 431 1656 unde
463 1625 572 1656 locum
604 1637 664 1658 suo

86 1671 224 1712 quisque
232 1670 330 1702 modo
347 1671 585 1703 emendandum
595 1684 665 1704 cen-

86 1719 163 1749 suit.
182 1718 346 1749 Benueius
362 1729 423 1760 pro
434 1741 443 1756 ,
459 1718 546 1761 ejus,
567 1728 665 1762 acque

86 1765 166 1807 legit
204 1773 387 1807 exeatque;
429 1767 663 1809 Cuningham.‚

88 1819 284 1853 oestuetque5
322 1813 485 1844 Gesnerus
499 1836 508 1851 ‚
542 1813 668 1856 effluat-

88 1869 174 1900 que:
194 1859 212 1890 ὲ
234 1858 375 1900 quibus,
391 1861 416 1890 si
441 1861 532 1901 optio
550 1861 644 1892 detur
658 1885 667 1901 ‚

87 1903 123 1937 τὸ
140 1912 332 1948 aestuatque,
348 1913 386 1937 ut
400 1907 535 1938 Horatio
545 1908 666 1950 dignis·

89 1953 227 1991 simum,
245 1963 321 1983 cum
342 1953 510 1985 Sanadone
535 1962 567 1986 et
591 1958 664 1987 Dae-

88 2001 161 2042 ring
171 2022 181 2038 ‚
198 2001 267 2031 sine
282 1999 384 2032 dubio
398 2002 605 2042 praetulerim.

137 2047 170 2079 5.
195 2046 295 2078 Ixion
317 2058 328 2077 :
361 2048 486 2079 Junoni
515 2056 666 2091 stuprum

88 2093 207 2125 inferre
221 2101 417 2133 tentaverat3
431 2096 564 2137 propter
579 2096 667 2139 quod

88 2141 212 2178 scelus,
238 2139 280 2171 ad
301 2142 423 2173 inferos
448 2142 615 2183 detrusus,
637 2152 669 2175 et

89 2188 155 2227 ibi,
173 2194 253 2219 rotae
274 2188 437 2231 alligatus,
463 2191 532 2220 sine
555 2192 667 2233 requie

90 2235 376 2279 circumagebatur.
390 2254 438 2261 —
452 2236 560 2278 Tityos
572 2249 584 2269 .-
605 2249 664 2270 no-

715 1107 889 1139 minativus
903 1113 950 1138 est
963 1107 1184 1150 graecus.Vide
1198 1106 1296 1149 supra

717 1155 779 1188 Od.
800 1156 866 1193 ΙΙΙ,
884 1161 921 1192 4,
939 1166 1052 1194 77.—-
1066 1155 1163 1186 Vultu
1177 1154 1294 1186 invito:

717 1203 788 1233 risit
805 1202 939 1244 propter
966 1202 1047 1244 lyrae
1066 1201 1271 1234 dulcedinem
1285 1225 1294 1240 ,

718 1249 774 1280 sed
787 1248 913 1287 invitus,
929 1246 1004 1279 cum
1022 1249 1150 1280 dolores
1170 1250 1295 1291 aliquot

719 1298 890 1328 momentis
914 1295 1038 1328 sedatos
1049 1319 1058 1335 ,
1076 1297 1154 1329 mox
1169 1303 1298 1328 renatu-

715 1354 769 1375 ros
795 1355 861 1375 esse
883 1345 1094 1385 praesentiret,
1106 1362 1155 1369 —-
1175 1347 1266 1376 Urna
1285 1354 1297 1373 .-

714 1401 784 1422 nou
807 1390 950 1429 dolium,
972 1390 1029 1421 sed
1049 1402 1106 1422 vas
1123 1402 1190 1433 quo
1217 1402 1297 1434 aqua

714 1437 828 1469 hausta
864 1439 900 1469 in
943 1437 1067 1470 dolium
1105 1438 1298 1470 infundeba-

717 1491 782 1516 tur.
797 1503 846 1510 —-
858 1483 979 1516 Danai*
988 1485 1122 1526 puellas
1140 1496 1152 1516 .·
1167 1486 1298 1518 notissi-

716 1543 768 1563 ma
778 1555 787 1571 ,
801 1538 840 1563 ut
852 1533 896 1563 ait
909 1533 978 1574 ipse
991 1533 1146 1564 Horatius
1157 1555 1166 1572 ‚
1182 1533 1299 1565 Danai-

718 1579 798 1611 dum
824 1579 952 1618 fabula,
969 1590 1042 1621 quae
1066 1590 1197 1619 omnes,
1215 1591 1298 1623 prae-

719 1633 768 1657 ter
812 1628 1119 1669 Hypermnestram‚
1162 1638 1298 1670 sponsos

717 1684 812 1713 sum,
826 1673 931 1716 prima
951 1681 1049 1706 nocte
1066 1675 1223 1718 nuptiali,
1243 1686 1299 1718 pa·

720 1722 778 1752 tris
789 1721 893 1760 jussu,
908 1721 1108 1754 occiderunt.

768 1769 800 1799 6.
818 1767 948 1799 Audiat
968 1768 1058 1809 Lyde
1085 1769 1188 1800 scelus
1209 1781 1220 1800 :
1242 1781 1295 1801 au·

721 1815 788 1846 diat
803 1814 900 1855 quam
919 1815 1066 1846 crudeles
1087 1827 1199 1858 poenas
1221 1817 1297 1849 dent

720 1861 806 1904 apud
819 1862 942 1893 inferos
953 1885 962 1902 ,
981 1874 1054 1905 quae
1068 1866 1134 1894 suis
1149 1867 1298 1896 amatori-

719 1909 783 1940 bus
806 1909 998 1941 inhumanas
1015 1921 1048 1941 se
1068 1913 1297 1953 praestiterunt.

717 1956 803 1987 Vide
836 1965 1063 1999 argumentum
1090 1959 1125 1988 in
1155 1957 1231 1990 fine.
1251 1977 1299 1983 —-

717 2004 763 2034 Ec
789 2003 888 2034 inane
915 2004 1057 2045 Iymplzoe
1081 2004 1202 2036 dolium
1227 2017 1239 2036 .·
1267 2013 1299 2038 et

719 2049 844 2081 dolium
854 2051 980 2092 semper
994 2061 1134 2082 vacuum
1148 2053 1188 2083 ab
1204 2052 1297 2095 aqna,

721 2096 796 2128 cum
815 2099 856 2129 sit
878 2099 947 2128 sine
972 2097 1075 2128 fundo
1086 2121 1095 2136 ,
1109 2099 1199 2131 unde
1216 2110 1299 2142 aqua

722 2146 824 2186 perit,
849 2144 884 2175 id
910 2151 976 2182 est,
995 2145 1216 2178 indesinenter
1240 2148 1300 2178 im-

720 2193 834 2231 missa,
863 2191 1082 2224 indesinenter
1113 2193 1229 2226 effluit.
1252 2212 1301 2219 ——

720 2238 949 2282 Seraquefata
962 2251 974 2270 .·
989 2250 1074 2278 sera,
1093 2239 1169 2284 quia
1181 2242 1300 2281 justius
