1456 2508
160 145 204 174 66
543 147 584 186 Q.
610 143 793 175 nonai-11
817 143 968 175 nacci

265 204 426 250 Crescit,
448 205 596 256 occulto
608 204 635 227 ²3
654 204 759 241 velut
775 203 891 241 arhor
908 212 1021 250 aevo,
1315 209 1347 239 45

267 267 380 301 Fama
399 264 580 302 Marcelli.
599 264 717 301 Micat
734 264 834 302 inter
849 275 985 301 omnes

269 324 410 361 Julium
431 325 553 371 sidus,
573 324 677 362 velut
695 325 795 363 inter
811 325 918 375 ignes

607 387 715 422 Luna
731 386 907 423 minores.

164 503 225 532 bus
241 501 390 540 traditus,
404 513 476 532 cum
490 501 603 544 exigua
617 503 713 535 domo
723 527 732 543 ‚

165 559 235 590 quae
277 549 510 589 augustioribus
551 551 734 590 patrimonii

167 596 308 626 terminis
327 596 523 626 conveniret.

218 642 269 671 18.
299 640 415 671 Crescit
438 641 581 678 occulco;
600 643 734 673 maxima

166 690 201 718 in
222 688 305 717 hanc
323 686 475 728 strophen
492 689 575 718 inter
591 690 738 721 innume-

168 745 221 764 ros
234 736 345 764 Horat.
355 734 542 775 interpretes
552 741 735 766 controver-

167 782 210 811 sia
235 790 329 821 quem
357 780 544 810 Marcellum
572 790 736 813 memoret.

171 829 225 859 Au
235 833 371 857 veterem
379 826 471 858 illum
486 828 541 867 qui
550 850 558 865 ‚
569 828 738 868 quinquies

173 873 302 911 consul,
326 873 434 904 Gallos
455 875 632 914 superavit,
655 875 739 916 cepit

172 923 356 962 Syracusas,
373 927 405 951 et
429 920 594 951 Annibalis
616 919 655 950 ad
676 922 742 952 No-

172 968 238 998 lam
266 967 387 1003 victor,
414 965 542 996 tandem
570 969 743 998 Poenorum

174 1012 300 1044 insidiis
321 1012 560 1044 circumventus
571 1019 602 1043 et
617 1024 743 1055 oppres-

176 1070 228 1090 sus
249 1060 314 1089 est?
330 1059 383 1090 An
400 1060 561 1101 egregium
582 1060 673 1090 illum
695 1061 744 1099 ju-

177 1116 287 1136 venem
305 1106 476 1147 superioris
495 1106 639 1136 Marcelli
652 1107 745 1137 abne-

177 1159 304 1194 potem,
326 1153 467 1183 Octaviae
478 1175 486 1191 ,
507 1152 645 1193 Augusti
661 1163 746 1184 soro-

176 1201 218 1229 ris
229 1222 238 1237 ,
251 1197 354 1229 filium
363 1221 372 1236 ,
385 1199 584 1240 imperatoris
595 1209 746 1240 generum

179 1252 212 1276 et
230 1245 269 1276 ab
287 1255 326 1276 eo
344 1244 543 1286 adoptatum,
563 1246 653 1284 cujus
670 1256 748 1286 prae-

181 1298 302 1322 matura
323 1301 427 1330 mors,
455 1292 606 1322 Romanis
627 1298 658 1321 et
679 1293 747 1322 Au-

179 1345 272 1380 gusto
289 1337 450 1376 luctuosa,
465 1338 593 1379 Virgilii
606 1338 749 1368 versibus

181 1384 353 1421 celebrata,
370 1386 442 1416 AEu.
458 1387 522 1422 VI,
538 1385 624 1415 860?
639 1385 748 1422 Porro,

182 1431 302 1461 Iulium
325 1430 428 1468 sidus,
460 1430 557 1472 quid?
579 1431 749 1463 Marcellus

182 1477 365 1509 adolescens
389 1478 456 1515 ille,
484 1486 540 1517 per
566 1478 693 1519 nuptias
719 1485 750 1508 et

182 1523 405 1564 adoptionem,
422 1524 456 1554 iu
480 1529 606 1564 gentem
631 1526 651 1555 J
655 1524 748 1554 uliam

181 1571 317 1601 insitus?
334 1571 451 1602 Nonne
464 1568 572 1611 potius
588 1571 691 1602 Caesar
705 1572 751 1611 ip-

184 1627 233 1654 se,
247 1618 331 1646 inter
343 1623 424 1646 astra
434 1638 442 1653 ,
458 1614 631 1646 secundnm
649 1616 751 1657 vulga-

184 1673 251 1693 rem
273 1662 456 1703 opinionem
479 1662 660 1693 adulatione
679 1673 752 1693 cou-

187 1708 342 1739 firmatam
354 1731 363 1746 ‚
377 1715 452 1749 post
477 1719 586 1739 necem
612 1709 751 1740 relatus?

185 1757 225 1786 In
241 1753 295 1786 illa
311 1755 537 1785 sententiarum
553 1754 732 1785 diversitate
743 1778 751 1794 ‚

184 1801 223 1832 ad
257 1807 372 1832 metam
397 1799 530 1842 propius
558 1801 753 1832 Sanadonem

187 1849 350 1879 accessisse
369 1847 516 1885 arbitror,
526 1848 617 1886 cujus
633 1849 754 1888 opinio-

187 1895 237 1932 ni,
252 1892 389 1924 maxima
410 1893 518 1923 saltem
533 1904 573 1924 ex
589 1901 676 1934 parte
686 1917 694 1932 ‚
711 1904 755 1924 as-

187 1941 302 1971 sentio.

234 1986 313 2018 Tam
328 1986 455 2028 longam
480 1996 667 2027 magnorum
692 1988 755 2017 Ro-

189 2042 248 2064 mae
261 2034 403 2064 virorum
421 2033 530 2063 seriem
546 2032 618 2063 ideo
631 2030 753 2062 tantum

188 2080 347 2120 percurrit
361 2079 527 2116 Horatius,
549 2086 587 2109 ut
608 2079 648 2108 ab
663 2079 702 2108 iis
716 2078 754 2108 ad

189 2127 327 2168 Augusti
345 2125 452 2156 laudes
466 2125 601 2155 naturali
616 2124 753 2166 quodam

188 2179 298 2202 tenore
312 2171 520 2203 delaberetur.
536 2171 630 2202 Unde
646 2172 754 2201 transi⁴

189 2219 276 2249 ticine
295 2218 343 2249 illi
365 2228 447 2259 opus
461 2218 539 2255 fuit,
558 2217 619 2258 qua
635 2219 754 2258 magni-

188 2263 247 2295 fica
279 2265 336 2296 illa
359 2265 553 2295 enumeratio
564 2286 572 2302 ‚
600 2263 616 2294 a
645 2265 755 2305 primis

787 508 898 536 Romae
915 502 1117 544 temporibus
1127 501 1167 533 nd
1179 510 1268 533 suam
1283 507 1353 532 aeta-

786 558 849 582 tem
873 552 1073 588 continuata,
1094 560 1152 591 per
1172 550 1352 591 Augustum

787 598 878 628 facile
909 597 1143 628 terminaretur.
1175 594 1247 626 Jam
1277 595 1352 624 vero

787 645 859 684 quis
869 667 877 681 ‚
893 645 976 674 inter
990 650 1108 673 veteres
1123 644 1300 677 Romanos,
1315 640 1353 670 ad

789 690 886 721 finem
900 690 991 719 illum
1006 687 1217 720 obtinendum
1235 688 1355 728 aptior,

790 735 886 778 quam
910 745 1042 777 magnus
1066 735 1119 764 ille
1142 733 1311 765 Marcellus
1336 733 1354 763 a

790 793 856 824 quo
871 782 1009 824 Augusti
1023 790 1120 822 gener
1140 779 1278 810 ducebat
1291 780 1355 810 ori-

791 829 917 871 ginem?
931 828 1002 859 vix>
1013 828 1151 869 priscum
1168 825 1356 857 Marcellum

791 874 984 912 nominavit,
998 883 1071 904 ecce
1081 873 1164 904 redit
1174 873 1208 903 in
1220 878 1357 903 mentem

794 921 974 952 adolescens
985 921 1144 963 egregius,
1155 918 1295 959 ejusdem
1304 929 1359 949 no·

794 968 904 1006 minis,
922 968 1068 999 Caesareae
1084 964 1198 997 domas
1212 975 1298 996 nunc
1310 964 1361 996 de-

795 1025 861 1052 cus,
871 1014 1081 1056 imperatoriae
1091 1013 1254 1055 potestatis
1261 1011 1361 1042 haeres

797 1061 994 1103 designatus,
1020 1060 1098 1091 novi
1130 1069 1238 1090 rerum
1263 1056 1362 1088 status

796 1118 854 1149 per
877 1108 1058 1148 Augustum
1079 1106 1257 1137 introducti
1282 1110 1363 1135 tuta-

798 1163 869 1183 men
879 1177 887 1191 ,
901 1154 1011 1194 patriae
1025 1163 1095 1194 spes
1116 1159 1150 1183 et
1165 1160 1267 1183 amor.
1282 1152 1362 1192 Quae

798 1198 966 1241 postquam
978 1198 1151 1237 levissime,
1166 1204 1204 1228 ut
1216 1197 1346 1228 decebat
1356 1219 1364 1235 ,

800 1246 919 1287 attigit,
941 1243 1037 1286 (nam
1061 1243 1100 1275 de
1119 1244 1289 1284 cujuslibet
1302 1245 1362 1274 im·

800 1293 880 1333 perii
899 1290 1023 1322 haerede
1043 1290 1150 1322 sobrie
1175 1288 1364 1331 dicendum)

799 1338 863 1377 jam
881 1338 915 1368 in
938 1338 1018 1369 Julii
1039 1338 1168 1369 Caesaris
1190 1338 1305 1379 ipsius,
1329 1337 1366 1366 in

802 1384 940 1426 Augusti
959 1383 1070 1415 laudes
1091 1383 1284 1423 effunditur3
1299 1383 1366 1415 haec

802 1433 907 1462 omnia
933 1429 1059 1462 adducit
1083 1438 1114 1461 et
1139 1432 1299 1462 connectit
1319 1439 1368 1460 so-

801 1479 869 1509 lnm
882 1477 1027 1509 Marcelli
1038 1487 1166 1508 nomen.
1180 1477 1273 1508 Adde
1280 1475 1369 1519 quud

801 1524 887 1555 istud
903 1522 1071 1555 artificium
1087 1523 1318 1555 evidentissime
1331 1533 1368 1554 ae-

803 1571 942 1601 mulatus
956 1576 1003 1601 est
1015 1571 1104 1612 Virg.
1118 1571 1153 1600 in
1168 1569 1233 1601 fine
1245 1570 1304 1602 lib.
1319 1570 1368 1602 Vt

804 1617 925 1648 AEueid.
936 1617 1064 1648 Claudit
1075 1623 1106 1647 et
1120 1616 1186 1657 ipse
1198 1617 1367 1659 insignium

804 1665 1020 1694 Romanorum
1032 1664 1301 1694 enumerationem
1313 1674 1371 1705 per

804 1711 918 1750 prioris
936 1710 1080 1740 Marcelli
1102 1710 1299 1748 encomium,
1316 1710 1370 1740 cui

805 1756 960 1786 continuo
981 1756 1109 1795 subjicit
1127 1756 1368 1786 illustrissimam

806 1802 933 1832 alterius
941 1803 1085 1833 Marcelli
1096 1802 1255 1833 funeream
1264 1802 1370 1833 lauda-

806 1850 942 1886 tionem,
964 1849 1015 1879 cui
1034 1847 1131 1880 finem
1152 1848 1247 1880 simul
1264 1855 1296 1879 et
1314 1859 1369 1879 cu-

807 1895 929 1925 mulum
942 1895 1079 1936 imponit
1098 1905 1156 1936 per
1166 1895 1235 1926 haec
1247 1894 1344 1926 verba
1360 1904 1369 1926 :

811 1943 856 1970 Τιι
875 1941 1044 1971 Marcellus
1058 1941 1134 1978 eris,
1154 1941 1186 1971 id
1204 1947 1264 1978 est,
1278 1947 1314 1971 tn
1330 1941 1370 1971 acl

807 1988 853 2018 M.
869 1987 1013 2018 Marcelli
1025 1987 1166 2018 secundo
1177 1989 1298 2030 punico
1312 1987 1373 2018 cla-

807 2034 833 2063 ri
850 2043 967 2064 nomen
985 2044 1021 2064 ac
1042 2034 1174 2076 gloriam
1190 2045 1222 2065 es
1239 2043 1372 2075 perven-

806 2086 908 2111 turus.
931 2081 999 2112 Nec
1025 2081 1142 2111 mirum
1167 2079 1255 2122 quod
1279 2079 1372 2122 plura

806 2127 894 2167 Virg.
920 2125 959 2156 de
981 2133 1127 2165 mortuo,
1147 2125 1243 2168 quam
1258 2127 1370 2157 Horat.

807 2171 846 2202 de
859 2171 969 2203 eodem
984 2173 1111 2203 vivente
1126 2172 1316 2204 disseruerit.

853 2218 903 2250 Sic
918 2217 1017 2260 igitur
1028 2220 1213 2250 universnm
1227 2219 1315 2250 hunc
1329 2218 1373 2248 lo·

809 2274 881 2294 cum
899 2266 1127 2307 interpretare:
1145 2267 1237 2297 Fama
1260 2265 1374 2295 veteris
