1416 2508
142 129 202 154 xn
619 114 898 151 PRAEFATIO.

141 208 192 235 va
209 203 250 236 et
273 191 510 233 recentiora
538 191 778 232 testimonia
806 190 983 245 addere,
1009 192 1126 235 unde
1151 205 1335 246 constet,

141 256 261 315 quod
283 256 452 299 aliunde
478 257 637 299 nemini
665 255 846 298 dubium
877 268 958 310 est,
983 257 1150 299 Horatii
1181 259 1338 303 famam

139 335 329 382 vegetam
349 324 515 379 semper
543 333 586 365 et
608 322 808 364 intactam
832 338 910 380 per
929 322 1076 366 decem
1095 334 1138 366 et
1147 335 1249 368 octo
1271 341 1339 368 se-

142 390 237 432 cula
254 388 555 442 interfluxisse,
581 399 623 430 et
645 388 763 446 quod
779 388 832 431 de
853 404 905 431 eo
927 391 948 431 a
966 389 1113 448 priscis
1134 392 1272 448 poetis
1285 403 1336 434 ⁴et

142 454 387 497 rhetoribus
409 454 749 510 pronuntiatum,
768 454 813 495 id
835 458 859 497 a
875 457 1056 513 posteris
1073 455 1216 498 denuo
1237 472 1338 499 con-

144 521 358 563 firmatum
375 534 558 561 manere.

202 586 427 627 Horatium
440 588 463 626 a
485 585 723 627 felicissimo
745 586 877 644 ipsius
901 586 1110 629 imitatore
1127 598 1170 633 et
1183 588 1274 634 ,tt‘lm
1291 590 1335 631 in

145 653 302 709 Satyris
319 684 330 704 ,
355 650 446 692 tilm
469 651 513 692 in
533 651 731 709 Epistolis
758 652 930 706 aemulo,
949 653 993 694 in
1014 654 1336 711 praescribendis

144 718 260 762 Artis
274 718 455 759 Poeticae
471 717 635 776 legibus
654 718 798 761 forsan
813 719 992 772 victore,
1011 720 1150 765 Bolaeo
1166 734 1315 766 nostro
1326 755 1338 777 ,

146 784 273 842 digne
287 795 327 824 et
338 783 425 826 hon
431 783 574 826 orifice
589 786 853 827 nominatum
865 800 990 830 nemo
999 797 1062 829 est
1071 787 1146 843 qui
1157 789 1338 832 nesciat:
1395 817 1400 821 <

145 850 271 891 Bolaei
304 850 417 890 enim
449 865 578 907 opera
610 851 654 892 in
687 851 882 893 manibus
911 852 1120 907 omnium5
1155 853 1341 897 Bolaeum

144 926 285 957 tamen
303 917 396 973 quis
414 917 578 958 Horatii
589 916 777 969 judicem
794 915 893 958 ideo
909 919 1184 972 recusaverit,
1202 919 1339 976 qued,

146 980 249 1023 dnm
262 993 399 1024 vatem
410 984 652 1024 Romanum
662 982 945 1037 commendat,
956 998 1000 1025 se
1014 998 1188 1042 quoque
1202 986 1341 1043 ipsum

145 1048 226 1106 ipsi
258 1051 345 1090 tem
377 1050 574 1102 similem,
598 1049 651 1091 ab
677 1065 728 1091 eo
751 1060 817 1091 tot
840 1051 1068 1095 sententias
1098 1062 1340 1095 mutuatum

147 1114 444 1157 commendare
468 1116 673 1159 videatur.

203 1179 347 1236 Popus
367 1192 524 1238 satyras
550 1197 724 1239 quoque
748 1183 975 1227 nonnullas
997 1183 1183 1240 scripsit;
1204 1184 1341 1226 Hora-

141 1247 188 1287 tii
201 1249 343 1289 tamen
359 1246 591 1304 discipulus
605 1250 736 1306 magis
753 1252 880 1306 quam
894 1250 1096 1303 imitator,
1111 1250 1231 1302 cujus
1248 1250 1339 1291 suf-

141 1312 323 1370 fragium
352 1313 395 1354 in
424 1328 553 1369 opere
581 1314 650 1356 cui
676 1315 850 1369 titulus,
884 1317 1021 1372 Essay
1039 1330 1092 1358 on
1121 1316 1338 1367 criticism,

143 1378 215 1420 hic
228 1379 386 1421 referre
404 1379 646 1421 nullatenus
659 1380 800 1438 pigeat
816 1396 826 1423 z

279 1507 404 1538 Horace
417 1508 483 1538 still
494 1508 617 1539 chat-ms
635 1509 704 1542 vith
722 1510 863 1551 graceful
881 1510 1083 1552 negligence,

280 1560 357 1592 And
369 1561 505 1593 without
516 1562 648 1593 method
662 1563 743 1594 talks
759 1575 796 1596 us
809 1565 880 1595 into
895 1575 985 1595 sense
995 1587 1004 1602 ,

279 1615 373 1653 will,
389 1615 455 1645 like
471 1626 487 1646 a
503 1617 623 1655 friend,
642 1617 814 1659 familiarly
827 1628 954 1660 convey

279 1669 349 1700 The
366 1676 467 1700 mest
481 1672 612 1702 notious
625 1673 660 1702 in
674 1672 727 1702 the
741 1674 852 1703 easiest
867 1682 951 1714 way.

278 1725 328 1758 110
338 1746 347 1762 ‚
366 1724 442 1755 who
455 1736 604 1766 supreme
617 1727 652 1757 in
662 1726 847 1768 judgmmt‚
862 1737 895 1760 as
913 1728 949 1758 in
960 1727 1018 1760 wit
1027 1749 1038 1765 ‚

279 1778 386 1820 Migzh
402 1779 517 1820 boldly
531 1790 682 1820 censure,
697 1791 730 1812 as
743 1781 785 1812 he
799 1781 912 1824 boldly
927 1783 1001 1813 writ
1011 1805 1022 1819 ,

280 1833 342 1862 Yet
352 1831 464 1875 judg’d
480 1833 559 1863 with
575 1834 718 1865 coolness
728 1858 737 1874 ‚
751 1835 817 1866 tho'
830 1835 870 1866 he
884 1846 966 1878 sung
983 1835 1063 1866 with
1075 1834 1153 1873 fir03

279 1886 338 1917 His
353 1894 498 1930 precepts
517 1889 607 1919 teach
626 1889 685 1920 but
703 1889 788 1921 what
805 1890 855 1921 his
872 1889 979 1922 works
996 1889 1128 1931 inspire-

149 1988 364 2030 Habemus
385 1989 480 2043 hic,
511 2000 563 2031 ut
586 1991 631 2031 in
657 1991 837 2033 Horatio
863 1991 1028 2050 Virgilii
1050 2001 1092 2033 et
1121 1989 1262 2044 Varii,
1283 1991 1343 2032 sic

145 2054 190 2095 in
220 2053 394 2112 anglicis
419 2056 637 2111 versibus,
661 2071 899 2115 expressam
929 2057 982 2100 ad
1010 2058 1154 2100 vivum
1178 2053 1343 2101 Horatii

147 2119 390 2177 imaginem.

176 2209 179 2212 -
205 2185 297 2229 Nec
323 2188 465 2231 mimis
498 2189 542 2230 in
571 2187 831 2230 delineanda·
853 2189 1000 2233 Nostri
1033 2188 1174 2247 effigie
1200 2187 1342 2231 felices
