1456 2508
208 130 272 160 228

600 131 642 170 Q.
666 129 848 160 nomm
871 128 1021 162 FLACCt

309 188 457 236 Virtus,
474 189 670 227 recludens
689 189 883 227 immeritis
902 190 999 227 mori

309 248 454 286 Coelum
472 250 501 294 ⁵,
519 249 653 298 negata
672 256 790 285 tentat
807 248 879 284 iter
897 249 978 294 vid3

366 311 568 358 Coetusque
586 308 759 357 vulgares
770 335 780 353 ,
797 317 834 345 et
849 307 962 345 udam

415 367 567 416 Spernit
585 367 742 404 humum
761 367 926 416 fugiente
945 367 1079 416 penna.

311 428 376 463 Est
393 435 430 463 et
444 425 545 463 fideli
562 434 643 463 tuta
661 426 808 463 silentio

1359 433 1389 457 25

312 488 458 523 Merces
478 487 493 510 ⁶
514 500 522 522 :
542 485 679 522 vetabo
695 485 761 535 qui
779 484 926 522 Cereris
941 496 1088 522 sacrum

362 545 535 595 Vulgarit
554 558 716 591 arcanae,
738 544 808 582 sub
823 544 941 582 isdem

417 605 474 641 Sit
493 603 665 641 trabibus
678 632 688 650 ,
709 604 952 654 fragilemque
972 613 1119 639 mecum

312 665 440 703 Solvat
459 664 667 714 phaselum.
688 664 795 713 Saepe
813 663 1002 712 Diespiter

312 724 532 775 Neglectus,
549 724 691 761 incesto
712 722 854 760 addidit
873 723 1084 772 integrum3
1359 731 1390 757 30

210 840 318 883 igitur,
329 842 465 883 exempli
475 840 641 879 caus=51‚f11it
652 841 777 882 repulsa

211 898 307 929 quam
322 889 357 918 in
372 886 554 918 consulatus
569 887 690 918 ambitu
706 887 778 917 tulit

210 934 260 964 vir
272 934 400 974 pessimi
413 934 532 974 ingenii
548 934 696 970 Catilina;
713 944 776 963 non

211 979 360 1016 sordida,
379 978 475 1020 qnam
489 980 585 1016 Cato,
602 980 651 1009 vir
671 980 777 1018 justis-

211 1026 311 1057 simus
321 1047 330 1062 ,
347 1024 412 1055 tam
427 1025 459 1054 in
473 1032 619 1066 praeturae
633 1023 728 1064 quam
743 1025 778 1054 in

213 1069 395 1102 consulatus
437 1072 590 1112 petitione
629 1076 778 1110 expertus

215 1124 272 1148 est.
290 1118 444 1147 Damnm.

262 1163 293 1194 5.
312 1163 430 1198 Virtus,
453 1161 618 1192 recludens
644 1160 779 1191 immeri—

213 1209 252 1240 tis
268 1208 350 1239 m'ori
369 1208 487 1239 Coelum
502 1219 513 1238 :
529 1218 650 1238 novum
667 1207 704 1237 ad
719 1208 781 1236 vir-

215 1261 314 1285 tutem
328 1255 498 1293 juvenibus
510 1254 662 1284 Romanis
674 1253 781 1282 incita-

213 1307 356 1331 mentum
390 1300 551 1340 proponit.
581 1299 652 1329 Sola
679 1299 780 1327 virtus

213 1346 454 1377 immortalitatis
480 1345 611 1386 praemio
632 1343 778 1374 afficitur,

213 1410 260 1416 —
271 1390 404 1434 Negatd
419 1389 480 1423 vid
493 1402 503 1421 .·
516 1391 700 1422 hominibus
714 1390 780 1420 vul-

214 1439 256 1480 go
270 1437 426 1469 inaccessa
437 1460 446 1475 ,
462 1436 517 1467 sed
529 1447 623 1478 quam
639 1436 700 1466 sibi
715 1446 783 1476 ape-

215 1486 305 1515 riunt
328 1485 444 1514 summi
476 1483 557 1520 viri,
581 1483 639 1523 qui
664 1483 782 1512 virtute

215 1529 310 1572 supra
335 1529 561 1560 humanitatem
579 1539 644 1558 sese
665 1527 783 1558 extule-

219 1583 295 1607 runt
305 1598 314 1614 ,
331 1583 363 1606 et
377 1575 465 1617 digni
483 1574 570 1605 fuere
585 1575 642 1614 qui
654 1574 693 1604 ad
707 1573 782 1604 deos

220 1620 353 1663 propius
385 1621 585 1658 accederent,
608 1626 646 1649 ut
664 1621 783 1650 Hercu-

217 1669 279 1705 les,
299 1667 453 1699 Romulus
463 1689 473 1705 ,
487 1667 606 1704 Caesar,
622 1672 682 1696 etc.
693 1688 702 1702 ,
722 1672 782 1697 etc.

217 1714 283 1745 vid.
303 1714 357 1744 od.
367 1719 550 1754 sequentem
560 1735 569 1750 ‚
580 1721 612 1751 9.
621 1728 669 1735 -—
680 1711 783 1741 Udam

220 1759 348 1800 Spernit
360 1759 487 1789 humum
502 1769 514 1789 .·
527 1768 568 1789 ex
581 1758 644 1791 alto
654 1758 786 1798 despicit

220 1813 406 1836 caeterorum
433 1805 600 1836 hominum
639 1804 673 1834 in
703 1801 785 1833 terra

219 1852 399 1894 degentium
422 1851 565 1892 vulgares
589 1855 784 1886 conventus,

222 1905 254 1929 et
277 1896 371 1938 supra
393 1895 527 1927 lutosam
547 1895 629 1925 hane
651 1894 786 1928 humum

220 1942 410 1974 sublimibus
422 1942 478 1972 alis
491 1941 604 1972 evolat.

269 1990 300 2020 6.
325 1990 384 2019 Est
401 1995 433 2018 et
445 1987 545 2031 fideli
563 1993 632 2018 tuta
661 1985 786 2017 silentio

223 2037 346 2066 Merces
370 2045 382 2064 .-
415 2034 456 2063 ad
485 2033 647 2073 religionis
681 2030 786 2062 officia

223 2082 352 2118 transit,
364 2090 438 2121 quae
452 2077 660 2110 informandae
674 2079 787 2116 juven·

225 2127 287 2157 tuti
299 2137 367 2157 non
381 2123 486 2156 minus
500 2124 588 2154 utilia
604 2130 678 2154 sunt
692 2122 788 2164 qnam

211 2173 332 2211 >civiles
347 2182 423 2213 quas
443 2171 519 2201 mox
533 2170 674 2201 laudavit
687 2171 787 2199 virtu-

226 2225 282 2251 tes.
305 2218 391 2249 Inter
413 2217 517 2248 autem
541 2216 715 2258 praecipua,
734 2225 790 2246 no-

831 848 875 872 tat
904 841 1019 871 silentii
1057 839 1286 877 necessitatem,
1303 838 1392 879 quod

829 888 863 917 in
873 886 1063 928 quibusdam
1076 887 1180 923 sacris,
1190 892 1226 916 ut
1237 885 1393 916 Eleusinae

832 934 953 963 Cereris
961 954 971 970 ,
984 932 1207 973 imperabatur.
1222 929 1393 961 Difficilius

830 980 913 1009 enim
949 985 1016 1008 erat
1055 978 1167 1008 silendi
1201 983 1394 1018 praeceptum

829 1026 978 1064 exsequi,
1005 1024 1100 1065 quam
1129 1024 1209 1053 ritus
1236 1023 1313 1053 alios
1343 1021 1394 1052 ad-

828 1071 975 1111 implere,
995 1070 1051 1110 qui
1063 1069 1101 1099 ad
1112 1078 1258 1111 pompam
1272 1075 1303 1099 et
1315 1077 1395 1109 mag-

830 1116 1024 1147 nificentiam
1037 1115 1252 1156 pertinebant,
1265 1114 1395 1145 nullam-

830 1173 892 1202 que
907 1163 973 1192 vim
987 1161 1213 1202 cupiditatibus
1229 1160 1393 1190 faciebant.

836 1209 916 1237 Tuta
939 1207 1042 1237 autem
1069 1217 1186 1237 merces
1209 1205 1342 1244 dicitur,
1361 1205 1395 1235 id

833 1260 879 1283 est
890 1276 898 1290 ,
917 1259 1000 1283 certa
1011 1275 1019 1290 ,
1046 1252 1248 1282 inevitabilis.
1269 1268 1315 1275 —
1333 1251 1397 1292 Qui

835 1299 955 1329 Cereris
964 1308 1085 1328 sacrum
1098 1299 1131 1327 V
1126 1295 1245 1339 ulgc'l'tit
1252 1307 1396 1328 arcanoe:

832 1344 871 1374 de
895 1343 949 1374 illa
976 1344 1197 1385 superstitione
1221 1345 1277 1384 qui
1305 1343 1396 1384 plura

834 1391 913 1420 scire
937 1390 1028 1427 velit,
1045 1389 1266 1420 Tertuliannm
1288 1389 1395 1427 adeat,

833 1436 926 1466 initio
952 1436 1027 1466 libri
1049 1433 1159 1465 contra
1182 1435 1343 1466 Valentia.
1365 1441 1398 1465 et

834 1483 1069 1523 Augustinum,
1090 1481 1148 1512 lib.
1165 1481 1249 1518 VII,
1268 1491 1327 1518 20,
1347 1483 1397 1511 De

837 1527 969 1557 Ciuitate
996 1526 1068 1558 Dei.
1085 1543 1132 1550 —
1146 1526 1207 1557 Sub
1233 1523 1331 1556 iisdem
1350 1527 1398 1557 Sic

834 1573 969 1603 trabibus
982 1584 994 1603 .·
1016 1572 1157 1603 eamdem
1185 1572 1314 1603 domum
1340 1572 1396 1602 ha-

834 1618 914 1649 bitet
923 1641 932 1657 ,
944 1618 1055 1650 eodem
1070 1619 1195 1660 navigio
1207 1618 1396 1648 maritimum

835 1665 895 1694 iter
927 1665 1027 1695 faeiat.
1048 1681 1095 1688 -—
1121 1664 1212 1705 Soepe
1240 1663 1399 1704 Diespiter

835 1710 1006 1752 ‚Neglectus
1019 1721 1029 1740 :
1053 1709 1220 1740 hominum
1237 1711 1398 1750 impietate

835 1755 927 1787 laesus
936 1779 944 1794 ‚
957 1756 1038 1797 saepe
1054 1756 1257 1787 innocentem
1268 1755 1398 1786 scelesto

837 1801 950 1832 addere
961 1824 970 1838 ‚
990 1801 1023 1833 h.
1039 1812 1066 1831 e.
1086 1803 1288 1832 innocentem
1298 1823 1307 1839 ,
1320 1802 1347 1831 si
1364 1802 1398 1831 in

837 1849 983 1878 societate
1002 1847 1124 1878 scelesti
1147 1854 1208 1884 est,
1234 1845 1298 1877 una
1325 1857 1398 1877 cum

838 1904 876 1924 eo
898 1895 1012 1934 punire
1033 1892 1123 1924 solet.
1141 1893 1250 1923 valuit
1271 1891 1339 1922 haec
1361 1892 1400 1922 de

837 1940 939 1980 poenis
965 1939 1081 1970 divinis
1110 1938 1195 1979 apud
1224 1938 1401 1978 antiquissi-

838 1995 906 2016 mos
938 1985 1074 2026 populos
1110 1985 1239 2025 opinio,
1269 1990 1300 2013 et
1327 1983 1399 2014 ideo

837 2030 989 2071 imprimis
1006 2037 1174 2072 propagata
1198 2030 1292 2059 fuisse
1318 2029 1400 2060 vide-

840 2083 891 2107 tur
902 2098 910 2114 ,
926 2084 962 2106 ut
979 2075 1122 2106 homines
1137 2076 1180 2106 ob
1199 2074 1380 2106 detestabile
1390 2097 1398 2112 ,

838 2121 925 2162 qnod
939 2122 1061 2152 scelesti
1075 2120 1158 2163 apud
1167 2122 1243 2152 alios
1255 2120 1316 2151 sibi
1328 2130 1402 2150 con-

840 2167 992 2206 trahunt,
1025 2167 1159 2205 odium,
1187 2166 1206 2197 ὲ
1232 2165 1401 2198 sceleribus

842 2212 1074 2246 committendis
1086 2212 1327 2246 deterrerentur.
