1456 2508
217 122 279 156 ¹94

584 90 647 156 ’ᾳ
671 115 855 147 nor-Aru
879 116 1029 149 nacci

364 173 508 211 Infame
524 174 551 220 ⁶,
574 172 848 222 damnatusque
867 173 969 224 longi

418 233 600 283 Sysiphus
615 232 780 270 AEolides
797 232 950 271 laboris.
1369 255 1400 272 ιο

314 293 536 343 Linquenda
556 292 684 338 tellus,
703 299 741 328 et
761 291 911 339 domus,
931 301 968 331 et
983 293 1135 344 placens

310 356 420 390 Uxor
441 361 473 398 73
494 365 616 401 neque
633 351 787 399 harum,
807 364 900 402 quas
919 353 1028 400 colis,
1050 352 1230 392 arborum

361 415 433 459 Te,
450 421 589 463 praeter
605 412 744 450 invisas
762 425 979 462 cupressos,

414 473 500 509 Ulla
519 471 675 509 brevem
694 471 889 509 dominum
905 480 1096 523 sequetur.

308 533 493 570 Absumet
511 531 632 569 haeres
651 531 667 555 8
686 530 848 570 Caecuba
866 532 1017 583 dignior
1366 545 1396 569 25

250 653 282 684 6.
300 649 415 682 Danai
423 660 525 693 genus
549 648 671 691 infame
684 659 695 679 .·
713 652 775 681 Da-

203 698 282 730 naus
296 705 328 728 et
341 700 498 739 AEgyptus
508 696 627 734 fratres,
641 696 718 727 Belo
725 709 775 739 ge-

200 747 261 777 niti
277 743 375 775 fuere.
399 743 491 774 Alter
508 741 591 773 filios
613 743 772 785 quinqua-

201 793 306 834 ginta,
331 798 368 821 ut
391 791 499 827 aiunt,
517 789 594 819 alter
619 787 700 820 filias
724 797 772 820 to-

201 838 298 869 tidem
316 842 527 877 susceperant.
549 836 679 877 AEgypti
698 835 772 867 filiis

200 890 380 926 nupserunt
402 882 503 912 Danai
523 880 620 912 flliae:
639 889 671 912 et
686 884 770 913 viros

198 941 274 962 suos
304 929 371 971 ipsa
394 929 579 969 nuptiarum
604 935 699 959 nocte
717 930 770 968 ju-

197 977 366 1020 gularunt,
384 981 500 1016 praeter
524 984 621 1004 unam
643 975 768 1016 Hyper-

194 1030 363 1054 mnestram
371 1031 442 1063 quae
450 1023 612 1063 Lynceum
620 1023 767 1051 maritum

195 1070 342 1101 servavit.
353 1069 404 1100 Ob
419 1067 454 1098 id
470 1067 572 1098 scelus
587 1066 622 1096 ea
640 1067 767 1098 damna-

194 1123 234 1147 tae
248 1115 415 1158 finguntur
428 1113 513 1155 apud
526 1113 644 1144 inferos
654 1114 747 1155 poena
756 1138 765 1153 ,

195 1170 231 1194 ut
260 1169 425 1204 pertusum
457 1160 580 1191 dolium
605 1159 685 1200 aqua
712 1171 765 1191 co-

195 1216 311 1252 gantur
327 1208 479 1249 implere,
500 1206 545 1237 ita
569 1213 606 1236 ut
630 1205 766 1237 tantinu-

193 1255 267 1287 dem
281 1254 389 1286 effluat
401 1251 557 1295 quantum
571 1252 763 1285 infunditur.

192 1300 316 1334 Belides
329 1306 485 1331 vocantur
497 1298 515 1329 ἐι
531 1308 589 1328 suo
607 1308 685 1337 avo3
703 1301 764 1330 Da-

194 1348 304 1380 naides
334 1346 351 1377 ἐι
373 1353 471 1388 patre.
507 1344 689 1375 Danaidum
722 1346 764 1376 fa-

168 1394 171 1397 ’
192 1395 303 1426 hulam
329 1392 430 1424 fusius
459 1398 653 1428 enarratam,
670 1392 761 1422 inve-

194 1443 262 1472 nies
274 1439 374 1477 infra,
389 1439 450 1471 od.
465 1439 515 1469 III
525 1460 534 1476 ,
554 1448 566 1467 1
579 1448 606 1469 1.
622 1455 667 1461 —-
682 1438 764 1477 Sysi-

186 1487 271 1530 phas
284 1486 429 1518 AEolides
442 1496 453 1515 .·
467 1485 551 1515 AEoli
564 1483 666 1522 filius,
677 1494 762 1515 mor-

192 1534 305 1566 talium
327 1533 470 1564 omnium
501 1531 601 1563 aetatis
621 1541 686 1561 suae
713 1542 763 1561 va-

194 1581 362 1618 lauimus,
386 1577 460 1609 cilm
477 1578 617 1609 Atticam
643 1577 767 1608 latroci-

190 1628 258 1659 niis
289 1627 469 1663 infestaret,
488 1624 506 1656 ὲ
521 1624 644 1654 Theseo
666 1624 764 1654 inter-

193 1675 294 1705 fectus
314 1679 371 1703 est.
385 1672 482 1702 Hunc
504 1676 606 1712 poetae
622 1670 712 1700 aiunt
724 1681 762 1701 eo

193 1720 341 1762 supplicii
352 1728 465 1761 genere
481 1719 517 1747 in
529 1718 661 1753 Tartaro
679 1716 762 1757 plec-

195 1768 240 1805 ti,
257 1773 294 1797 ut
312 1775 424 1796 saxum
451 1765 562 1805 ingens
584 1763 619 1793 in
644 1764 761 1794 montis

189 1814 343 1845 verticem
358 1810 527 1853 provolvat
538 1832 547 1847 ‚
560 1808 665 1850 quod,
686 1807 760 1840 cum

189 1859 227 1891 ad
249 1868 412 1890 summum
435 1866 586 1886 cacumen
617 1862 663 1886 est
689 1866 760 1896 pro-

189 1912 316 1938 vectum
326 1927 335 1942 ,
348 1902 404 1935 sua
423 1909 535 1944 sponte
549 1900 697 1932 deorsum
711 1912 760 1933 us-

190 1963 252 1995 que
267 1951 430 1982 relabitur.
444 1950 464 1980 J
467 1959 585 1980 uvmw.
599 1965 644 1972 -—
658 1949 759 1979 Dam-

190 2006 348 2039 natusque
363 1995 455 2038 longi
467 1994 583 2026 laboris
596 2005 607 2025 .·
621 1993 756 2026 subaud.

188 2045 228 2076 ad
246 2054 385 2087 poenam.
410 2042 538 2084 Sisyphi
563 2041 757 2082 supplicium

187 2090 378 2124 admirandis
421 2088 565 2119 versibus
605 2087 758 2118 describit

187 2141 346 2171 Homerus
361 2138 397 2167 in
413 2134 526 2177 Odyss.
539 2144 547 2164 ι
558 2131 578 2164 οἱ
590 2156 598 2172 ,
614 2134 690 2174 592.

224 2193 267 2224 ·7.
287 2181 478 2224 Linquenda
502 2180 615 2217 tellus,
642 2188 674 2210 ec
699 2178 756 2208 do-

190 2242 276 2268 mus,
292 2237 325 2261 ec
332 2230 469 2271 placens
483 2238 566 2259 uxor
579 2238 590 2258 .-
609 2237 676 2258 non
688 2225 755 2257 sine

826 647 918 680 causa
948 650 1103 691 repetitur
1131 650 1317 691 coniunctio
1340 659 1394 691 et,-

825 703 902 726 nota
915 706 1042 737 quoque
1054 697 1270 739 gradationem
1291 698 1327 728 in
1349 698 1394 729 af-

826 742 976 780 fectibns;
994 743 1112 773 minori
1138 745 1255 775 etenim
1272 743 1394 776 deside-

826 789 874 819 rio
890 787 907 818 ὲ
923 789 1079 819 morituro
1094 789 1285 831 relinquitur
1300 790 1392 822 tellus

825 833 922 875 quam
936 834 1060 872 domus,
1070 835 1105 866 iu
1116 835 1179 876 qua
1191 836 1238 866 dii
1249 838 1391 876 Penates,

823 882 979 911 societatis
1013 883 1257 920 commercium,
1286 883 1392 924 epula-

823 937 893 956 rum
921 932 953 957 et
985 926 1059 958 lecti
1087 928 1216 970 genialis
1248 928 1388 967 deliciae;

821 979 976 1014 utraque,
1003 974 1123 1003 minori
1157 974 1263 1006 tamen
1294 973 1390 1016 quarn

820 1028 904 1049 uxor
922 1019 995 1049 vere
1021 1018 1136 1050 dilecta
1150 1018 1169 1050 a
1186 1021 1316 1058 marito,
1329 1031 1389 1063 pro

821 1066 911 1104 cujus
927 1065 1083 1096 servando
1105 1067 1281 1106 consortio,
1295 1065 1314 1098 ὲ
1332 1077 1390 1098 eae·

818 1113 893 1141 teris
908 1111 1000 1141 bonis
1016 1112 1110 1143 avelli
1125 1123 1158 1143 se
1181 1112 1267 1144 ultro
1287 1114 1388 1154 pacis-

819 1164 954 1188 ceretur.
970 1158 1076 1189 Multo
1090 1159 1237 1200 superior
1247 1158 1302 1189 hic
1309 1160 1390 1191 Nos-

818 1209 865 1233 ter
878 1205 1040 1242 Lucretio,
1057 1215 1153 1246 quem
1166 1206 1308 1236 imitatus
1322 1212 1386 1237 est:

817 1251 863 1279 Ac
875 1250 950 1292 jlzm
975 1261 1040 1280 non
1067 1250 1178 1281 domus
1203 1251 1340 1292 accipie&
1355 1259 1387 1283 ee

817 1295 911 1339 loeeq,
940 1307 1042 1338 neque
1072 1307 1157 1328 uxor
1183 1297 1311 1338 Optima
1315 1321 1384 1330 ......

814 1343 928 1373 omnia
954 1343 1079 1373 ademit
1102 1345 1176 1374 Una
1195 1342 1262 1374 dies
1287 1343 1385 1386 infes-

815 1395 850 1418 ta
881 1389 939 1419 cibi
965 1397 1012 1420 tot
1032 1390 1172 1430 pra-mia
1197 1389 1302 1428 ‘vicae‚·
1325 1390 1382 1422 lib.

815 1436 865 1464 111
875 1459 883 1473 ‚
901 1446 980 1476 907.
995 1453 1042 1459 --
1056 1438 1186 1467 Brevem
1201 1436 1384 1467 dominum.-

815 1482 906 1520 cujus
920 1481 1097 1512 dominium
1109 1483 1145 1513 in
1157 1491 1206 1512 res
1218 1493 1295 1524 quas
1313 1492 1385 1524 pos·

814 1527 894 1558 sidet
909 1528 1005 1559 breve
1018 1534 1075 1560 est.
1089 1529 1175 1559 Inest
1186 1529 1292 1560 neseio
1304 1527 1384 1570 quid

818 1575 1055 1615 exquisitissimi
1079 1573 1187 1605 sensus
1201 1575 1236 1605 in
1256 1575 1305 1606 his
1323 1584 1382 1606 vo—

817 1620 923 1658 cibus,
956 1620 1076 1651 brevem
1103 1619 1286 1658 dominum,
1305 1630 1380 1651 cum

815 1666 933 1707 quibus
958 1667 1039 1697 male
1068 1673 1251 1708 comparant
1281 1668 1380 1698 inter-

813 1718 916 1753 pretes
927 1736 936 1751 ,
950 1713 1039 1743 breve
1053 1712 1155 1743 lilium
1165 1737 1174 1750 ,
1190 1713 1313 1744 brevem
1330 1722 1380 1744 ro-

813 1769 892 1790 sam.
910 1760 1050 1790 Brevitas
1066 1758 1150 1790 enim
1164 1760 1237 1790 vitae
1251 1759 1379 1790 affectus

813 1806 848 1836 in
860 1805 954 1836 nobis
978 1806 1113 1844 excitat,
1133 1816 1214 1847 quos
1229 1803 1378 1849 ἐφημέρος

813 1858 845 1882 et
867 1851 932 1882 tam
953 1852 1017 1883 cito
1043 1851 1181 1883 caducus
1203 1851 1378 1893 pulcherri²

812 1908 938 1928 morum
967 1897 1084 1929 florum
1122 1897 1272 1939 splendor
1300 1907 1375 1940 pro-

814 1955 942 1975 movere
961 1946 1083 1986 nequit.
1124 1964 1133 1974 .

858 1991 890 2023 8.
904 1991 1057 2022 Absumee
1066 1990 1167 2022 haeres
1177 2000 1190 2021 .-
1201 1989 1374 2027 simillime,

810 2039 872 2069 Sat.
897 2039 950 2076 11,
974 2039 1013 2076 3,
1048 2047 1110 2068 122
1134 2046 1143 2069 ε
1172 2035 1284 2073 Filius,
1319 2043 1375 2066 aut

809 2083 906 2114 etiam
922 2083 991 2115 haec
1002 2083 1130 2114 libertus
1146 2089 1181 2113 ut
1198 2082 1303 2113 ebibat
1313 2081 1374 2112 11ae-

808 2140 873 2167 res,
899 2127 959 2161 D1⁴s
982 2129 1109 2161 inimice
1133 2139 1250 2166 senex,
1271 2135 1373 2159 custo—

808 2175 867 2209 dis.
881 2193 928 2201 --
945 2176 1085 2220 Dignior
1111 2187 1123 2207 .·
1151 2185 1262 2207 avarus
1290 2174 1374 2205 enim

809 2225 865 2264 qui
882 2221 1010 2255 centum
1039 2223 1180 2255 clavibus
1207 2231 1283 2263 opes
1304 2230 1375 2252 suas
