1456 2508
527 3 537 21 δ

465 190 470 193 ,
507 146 587 180 Lm.
611 149 628 178 1
651 145 740 179 ουκ
762 143 857 177 xxi.

1245 138 1290 180 93

68 281 1181 304 mmm=nmmmmmmm=nmmn=
1190 280 1288 293 mv·

238 485 391 544 ODE
434 483 681 544 PRIMA
722 478 1110 543 VIGESIMA

164 658 238 703 IN
285 657 577 703 DIANAM
619 658 719 701 ET.
741 655 1189 701 APOLLINEM.

67 827 187 856 Pueros
211 833 244 856 et
263 825 396 867 puellas
421 824 570 856 hortatur
577 833 680 866 poeta
700 825 749 855 ad
766 825 981 856 celebrandas
997 824 1119 854 Dianae
1136 830 1170 854 et
1183 823 1287 865 Apol-

111 879 190 912 linis
203 880 328 912 laudes.
343 879 472 924 Dignus
482 887 529 911 esc
543 879 595 911 hic
613 880 761 921 hymnus,
775 880 850 911 licet
859 880 960 911 ιηιιΙιὸ
975 879 1117 917 brevior,
1135 878 1194 921 qui
1215 889 1286 909 cum

90 969 93 974 ,
116 936 268 969 Carmine
294 935 470 974 Saeculari,
487 944 522 967 et
550 947 623 968 cum
651 936 773 978 hymno
801 936 925 968 Catulli
951 935 985 967 in
1017 934 1280 978 Dianam(car-

114 1003 190 1025 men
203 995 318 1026 xxxl
328 992 342 1036 )
354 991 551 1050 confiscatur.

9 1155 30 1205 ἔ
171 1137 333 1174 Dnmu
352 1142 494 1173 tenerae
511 1134 628 1172 dicite
646 1134 814 1186 virgines
832 1150 840 1171 :

174 1199 394 1245 Intonsum,
414 1197 545 1247 pueri,
566 1195 682 1234 dicite
701 1195 911 1247 Cynthium
932 1209 965 1232 ¹:

252 1261 516 1309 Latonamque
536 1271 717 1310 supremo

315 1357 318 1361 ,
333 1321 523 1359 Dilectam
540 1321 693 1372 penitus
708 1324 729 1359 J
732 1321 808 1358 ovi.

173 1386 254 1423 Vos
268 1384 395 1422 laetam
414 1383 542 1421 fluviis
561 1390 575 1404 ²
593 1391 631 1420 et
644 1396 845 1429 nemorum
862 1384 990 1430 comzl,

176 1449 426 1496 Quaecunque
444 1454 510 1482 aut
529 1443 656 1495 gelido
673 1445 868 1496 prominet
883 1445 1043 1496 Algido,

253 1506 384 1557 Nigris
400 1515 467 1544 aut
482 1506 710 1556 Erymanthi

335 1568 469 1615 Silvis,
486 1576 552 1606 aut
566 1567 702 1606 viridis
718 1568 830 1620 Cragi
847 1583 856 1605 :

119 1701 149 1724 1.
168 1689 340 1731 Cynthium
356 1700 368 1719 .·
382 1699 504 1720 nomen
521 1689 648 1731 Apolli—

70 1738 121 1770 nis
134 1737 154 1770 εὶ
165 1738 298 1780 Cyntho
311 1744 422 1769 monte
432 1760 441 1775 ‚
456 1738 490 1768 in
505 1738 588 1768 Delo
604 1739 650 1768 in-

69 1784 139 1822 ,ulfi
149 1808 159 1824 ‚
173 1796 241 1827 quo
252 1787 287 1816 in
299 1791 410 1816 monte
419 1786 539 1815 Latona
549 1785 651 1815 fertur

70 1833 257 1875 Apollinem
271 1843 307 1864 ac
320 1834 456 1864 Dianam
470 1833 630 1873 peperisse
642 1843 651 1870 ;

10 1896 50 1935 Ἴ*
71 1879 159 1912 und&
184 1880 240 1911 ille
269 1879 447 1922 Cynthius,
470 1879 540 1910 haec
566 1881 652 1923 Cyn-

73 1926 140 1958 thia
149 1950 159 1966 ‚
172 1928 288 1969 passim
300 1926 319 1957 ἐι
333 1927 438 1970 poetis
457 1927 650 1968 appellatur.

73 1992 122 1999 —
149 1976 316 2006 Intonsum
345 1986 356 2005 .·
391 1973 430 2005 ad
461 1981 652 2016 perpetuam

73 2022 236 2064 Apollinis
260 2022 464 2061 juventutem
488 2021 654 2064 designan-

74 2069 149 2101 dam
173 2080 182 2101 ε
212 2069 296 2100 Solis
319 2077 442 2100 aecerna
469 2077 516 2100 est
533 2069 654 2101 Phoebo

76 2116 271 2159 Bacchoque
283 2115 434 2157 juventa,
453 2118 542 2148 Nam
561 2118 656 2148 decet

77 2164 222 2196 intonsus
240 2163 338 2195 crinis
361 2172 529 2206 uerumque
543 2165 651 2196 deum.

77 2212 200 2245 Tibull.
211 2214 241 2251 1,
253 2218 283 2250 4,
296 2212 351 2244 36.
361 2230 408 2236 -
418 2212 581 2243 Dilectum
592 2224 652 2254 pe-

77 2259 182 2292 nitius
200 2259 292 2291 valdee
307 2260 358 2290 vel
373 2259 581 2291 familiaritnr.

125 2318 158 2342 2.
183 2310 310 2340 Laeeam
323 2307 436 2352 fluviis
456 2318 468 2337 .·
497 2314 655 2339 amantem

703 1689 833 1721 fluvios.
850 1708 896 1713 —
914 1691 1092 1722 Nemorum
1117 1688 1214 1721 comiz'
1227 1702 1239 1721 .·
1255 1698 1289 1722 et

705 1737 873 1768 frondosas
888 1738 995 1780 sylvas
1005 1761 1014 1776 ‚
1036 1744 1073 1768 ut
1090 1739 1287 1770 venatricem

705 1785 808 1817 decet.
820 1803 869 1809 —-
885 1787 1102 1827 Quaecumque
1122 1796 1288 1816 nemorum

704 1843 818 1870 coma,
835 1844 897 1875 pro
907 1857 916 1872 ‚
926 1844 1141 1875 quaecumque
1156 1844 1290 1865 nemora

704 1882 910 1923 prominent,
935 1888 992 1912 aut
1012 1882 1047 1911 in
1071 1880 1207 1923 Algido,
1231 1883 1289 1923 qui

705 1939 799 1959 mons
818 1936 865 1959 est
882 1929 918 1959 in
931 1940 1007 1971 agro
1017 1929 1204 1960 Tusculano
1213 1951 1221 1967 ,
1233 1936 1291 1960 ant

704 1976 740 2007 in
756 1976 958 2018 Erymantho
969 2000 978 2014 ‚
996 1975 1145 2008 Arcadiae
1160 1983 1287 2015 monte,

707 2034 804 2064 quem
819 2023 994 2054 illustravit
1012 2030 1220 2066 portentosas
1234 2024 1290 2055 ille

707 2082 803 2112 aper,
826 2082 979 2114 agrorum
1001 2078 1164 2110 vastator,
1189 2078 1222 2102 et
1247 2071 1288 2103 ab

706 2119 846 2150 Hercule
860 2118 1021 2158 domitus-‚3
1043 2125 1099 2149 aut
1119 2120 1155 2149 in
1167 2119 1288 2161 m'gris,

706 2165 740 2196 id
770 2173 817 2196 est
846 2167 1009 2197 umbrosis
1041 2166 1143 2208 sylvis
1178 2167 1289 2209 Gragi,

707 2214 828 2244 montis
850 2215 972 2255 Lyciae,
990 2215 1029 2245 in
1050 2213 1128 2244 Asia
1149 2214 1289 2253 minori3

707 2260 805 2292 hodi&
827 2261 858 2291 Ie
877 2261 1026 2292 Garante
1037 2273 1050 2299 ;
1069 2262 1104 2292 in
1123 2272 1190 2302 quo
1213 2261 1291 2294 Chi·

708 2318 838 2340 maeram
848 2330 857 2348 ‚
871 2319 933 2350 ope
956 2310 1101 2350 Neptuni
1111 2331 1121 2347 ‚
1134 2315 1166 2340 et
1180 2310 1291 2352 Pegasi
