<?xml version="1.0" encoding="UTF-8"?>
<!DOCTYPE html PUBLIC "-//W3C//DTD XHTML 1.0 Transitional//EN"
    "http://www.w3.org/TR/xhtml1/DTD/xhtml1-transitional.dtd">
<html xmlns="http://www.w3.org/1999/xhtml" xml:lang="en" lang="en">
 <head>
  <title>
</title>
<meta http-equiv="Content-Type" content="text/html;charset=utf-8" />
  <meta name='ocr-system' content='tesseract 3.04.00' />
  <meta name='ocr-capabilities' content='ocr_page ocr_carea ocr_par ocr_line ocrx_word'/>
</head>
<body>
  <div class='ocr_page' id='page_1' title='image "./quintushoratiusf01horauoft_0214.png"; bbox 0 0 1456 2508; ppageno 0'>
   <div class='ocr_carea' id='block_1_1' title="bbox 203 141 267 172">
    <p class='ocr_par' dir='ltr' id='par_1_1' title="bbox 203 141 267 172">
     <span class='ocr_line' id='line_1_1' title="bbox 203 141 267 172; baseline 0 0"><span class='ocrx_word' id='word_1_1' title='bbox 203 141 267 172; x_wconf 83' lang='lat'>180</span> 
     </span>
    </p>
   </div>
   <div class='ocr_carea' id='block_1_2' title="bbox 593 128 1020 180">
    <p class='ocr_par' dir='ltr' id='par_1_2' title="bbox 593 128 1020 180">
     <span class='ocr_line' id='line_1_2' title="bbox 593 128 1020 180; baseline 0.002 -10"><span class='ocrx_word' id='word_1_2' title='bbox 593 141 635 180; x_wconf 88' lang='lat' dir='ltr'>Q.</span> <span class='ocrx_word' id='word_1_3' title='bbox 661 128 845 171; x_wconf 67' lang='lat' dir='ltr'>nomm</span> <span class='ocrx_word' id='word_1_4' title='bbox 867 138 1020 171; x_wconf 75' lang='lat' dir='ltr'>mem</span> 
     </span>
    </p>
   </div>
   <div class='ocr_carea' id='block_1_3' title="bbox 300 194 1387 725">
    <p class='ocr_par' dir='ltr' id='par_1_3' title="bbox 300 194 1387 725">
     <span class='ocr_line' id='line_1_3' title="bbox 304 194 958 247; baseline -0.005 -11"><span class='ocrx_word' id='word_1_5' title='bbox 304 196 620 247; x_wconf 84' lang='lat' dir='ltr'>Levisjuventas‚</span> <span class='ocrx_word' id='word_1_6' title='bbox 639 203 677 232; x_wconf 83' lang='lat' dir='ltr'>et</span> <span class='ocrx_word' id='word_1_7' title='bbox 697 195 831 241; x_wconf 88' lang='lat' dir='ltr'>decor,</span> <span class='ocrx_word' id='word_1_8' title='bbox 851 194 958 233; x_wconf 68' lang='lat' dir='ltr'>arida</span> 
     </span>
     <span class='ocr_line' id='line_1_4' title="bbox 351 256 857 293; baseline -0.002 0"><span class='ocrx_word' id='word_1_9' title='bbox 351 257 515 293; x_wconf 88' lang='lat' dir='ltr'>Pellente</span> <span class='ocrx_word' id='word_1_10' title='bbox 533 256 692 292; x_wconf 87' lang='lat' dir='ltr'>lascivos</span> <span class='ocrx_word' id='word_1_11' title='bbox 711 267 857 292; x_wconf 84' lang='lat' dir='ltr'>amores</span> 
     </span>
     <span class='ocr_line' id='line_1_5' title="bbox 404 314 1016 364; baseline -0.005 -13"><span class='ocrx_word' id='word_1_12' title='bbox 404 315 567 361; x_wconf 85' lang='lat' dir='ltr'>Canitie,</span> <span class='ocrx_word' id='word_1_13' title='bbox 589 314 811 364; x_wconf 84' lang='lat' dir='ltr'><strong>facilemque</strong></span> <span class='ocrx_word' id='word_1_14' title='bbox 830 325 1016 350; x_wconf 90' lang='lat' dir='ltr'>somnum.</span> 
     </span>
     <span class='ocr_line' id='line_1_6' title="bbox 305 372 1065 425; baseline -0.004 -13"><span class='ocrx_word' id='word_1_15' title='bbox 305 378 392 413; x_wconf 92' lang='lat' dir='ltr'>Non</span> <span class='ocrx_word' id='word_1_16' title='bbox 411 387 562 425; x_wconf 87' lang='lat' dir='ltr'>semper</span> <span class='ocrx_word' id='word_1_17' title='bbox 577 374 677 411; x_wconf 89' lang='lat' dir='ltr'>idem</span> <span class='ocrx_word' id='word_1_18' title='bbox 693 373 850 411; x_wconf 86' lang='lat' dir='ltr'>floribus</span> <span class='ocrx_word' id='word_1_19' title='bbox 869 382 924 410; x_wconf 82' lang='lat' dir='ltr'>est</span> <span class='ocrx_word' id='word_1_20' title='bbox 943 372 1065 409; x_wconf 89' lang='lat' dir='ltr'>honos</span> 
     </span>
     <span class='ocr_line' id='line_1_7' title="bbox 300 431 1387 485; baseline -0.005 -13"><span class='ocrx_word' id='word_1_21' title='bbox 300 435 436 473; x_wconf 87' lang='lat' dir='ltr'>Vernis</span> <span class='ocrx_word' id='word_1_22' title='bbox 453 434 480 482; x_wconf 76' lang='lat'>³,</span> <span class='ocrx_word' id='word_1_23' title='bbox 497 448 621 485; x_wconf 90' lang='lat' dir='ltr'>neque</span> <span class='ocrx_word' id='word_1_24' title='bbox 638 446 715 472; x_wconf 92' lang='lat' dir='ltr'>uno</span> <span class='ocrx_word' id='word_1_25' title='bbox 735 435 824 470; x_wconf 88' lang='lat' dir='ltr'>luna</span> <span class='ocrx_word' id='word_1_26' title='bbox 846 432 987 470; x_wconf 87' lang='lat' dir='ltr'>rubens</span> <span class='ocrx_word' id='word_1_27' title='bbox 1004 431 1099 469; x_wconf 85' lang='lat' dir='ltr'>nitet</span> <span class='ocrx_word' id='word_1_28' title='bbox 1357 447 1387 463; x_wconf 80' lang='lat' dir='ltr'>xo</span> 
     </span>
     <span class='ocr_line' id='line_1_8' title="bbox 355 493 980 541; baseline -0.003 -9"><span class='ocrx_word' id='word_1_29' title='bbox 355 495 485 533; x_wconf 84' lang='lat' dir='ltr'>Vultu.</span> <span class='ocrx_word' id='word_1_30' title='bbox 505 494 608 541; x_wconf 90' lang='lat' dir='ltr'><strong>Quid</strong></span> <span class='ocrx_word' id='word_1_31' title='bbox 627 494 776 532; x_wconf 81' lang='lat' dir='ltr'>aeternis</span> <span class='ocrx_word' id='word_1_32' title='bbox 795 493 980 531; x_wconf 85' lang='lat' dir='ltr'>minorem</span> 
     </span>
     <span class='ocr_line' id='line_1_9' title="bbox 411 554 938 603; baseline -0.006 -11"><span class='ocrx_word' id='word_1_33' title='bbox 411 554 586 592; x_wconf 85' lang='lat' dir='ltr'>Consiliis</span> <span class='ocrx_word' id='word_1_34' title='bbox 602 554 768 591; x_wconf 87' lang='lat' dir='ltr'>animum</span> <span class='ocrx_word' id='word_1_35' title='bbox 782 554 938 603; x_wconf 75' lang='lat' dir='ltr'>fatigas?</span> 
     </span>
     <span class='ocr_line' id='line_1_10' title="bbox 306 609 1093 663; baseline -0.005 -11"><span class='ocrx_word' id='word_1_36' title='bbox 306 617 384 652; x_wconf 80' lang='lat' dir='ltr'>Cur</span> <span class='ocrx_word' id='word_1_37' title='bbox 401 626 478 650; x_wconf 90' lang='lat' dir='ltr'>non</span> <span class='ocrx_word' id='word_1_38' title='bbox 493 613 563 651; x_wconf 91' lang='lat' dir='ltr'>sub</span> <span class='ocrx_word' id='word_1_39' title='bbox 585 615 660 651; x_wconf 60' lang='lat' dir='ltr'>alta</span> <span class='ocrx_word' id='word_1_40' title='bbox 678 614 737 650; x_wconf 85' lang='lat' dir='ltr'>vel</span> <span class='ocrx_word' id='word_1_41' title='bbox 754 613 927 663; x_wconf 82' lang='lat' dir='ltr'>platano,</span> <span class='ocrx_word' id='word_1_42' title='bbox 943 609 1003 647; x_wconf 86' lang='lat' dir='ltr'>vel</span> <span class='ocrx_word' id='word_1_43' title='bbox 1020 609 1093 650; x_wconf 58' lang='lat' dir='ltr'>hio</span> 
     </span>
     <span class='ocr_line' id='line_1_11' title="bbox 306 670 1020 725; baseline -0.006 -14"><span class='ocrx_word' id='word_1_44' title='bbox 306 674 401 711; x_wconf 92' lang='lat' dir='ltr'>Pinu</span> <span class='ocrx_word' id='word_1_45' title='bbox 415 675 580 725; x_wconf 84' lang='lat' dir='ltr'>jacentes</span> <span class='ocrx_word' id='word_1_46' title='bbox 599 674 652 712; x_wconf 83' lang='lat' dir='ltr'>sic</span> <span class='ocrx_word' id='word_1_47' title='bbox 671 673 811 712; x_wconf 75' lang='lat' dir='ltr'>temere</span> <span class='ocrx_word' id='word_1_48' title='bbox 831 670 859 720; x_wconf 76' lang='lat'>4,</span> <span class='ocrx_word' id='word_1_49' title='bbox 879 679 916 708; x_wconf 90' lang='lat' dir='ltr'>et</span> <span class='ocrx_word' id='word_1_50' title='bbox 935 670 1020 708; x_wconf 59' lang='lat' dir='ltr'>rosa</span> 
     </span>
    </p>
   </div>
   <div class='ocr_carea' id='block_1_4' title="bbox 202 806 782 2279">
    <p class='ocr_par' dir='ltr' id='par_1_4' title="bbox 202 806 780 2223">
     <span class='ocr_line' id='line_1_12' title="bbox 205 806 768 850; baseline -0.004 -10"><span class='ocrx_word' id='word_1_51' title='bbox 205 807 303 840; x_wconf 77' lang='lat' dir='ltr'>centis</span> <span class='ocrx_word' id='word_1_52' title='bbox 323 807 382 839; x_wconf 68' lang='lat' dir='ltr'>avi</span> <span class='ocrx_word' id='word_1_53' title='bbox 396 814 506 850; x_wconf 70' lang='lat' dir='ltr'>pauca</span> <span class='ocrx_word' id='word_1_54' title='bbox 522 820 533 839; x_wconf 88' lang='lat'><em>:</em></span> <span class='ocrx_word' id='word_1_55' title='bbox 548 819 607 840; x_wconf 85' lang='lat' dir='ltr'>nec</span> <span class='ocrx_word' id='word_1_56' title='bbox 626 809 667 839; x_wconf 87' lang='lat' dir='ltr'>sis</span> <span class='ocrx_word' id='word_1_57' title='bbox 682 806 768 838; x_wconf 72' lang='lat' dir='ltr'>solli·</span> 
     </span>
     <span class='ocr_line' id='line_1_13' title="bbox 204 854 772 896; baseline -0.005 -10"><span class='ocrx_word' id='word_1_58' title='bbox 204 857 286 886; x_wconf 86' lang='lat' dir='ltr'>citus</span> <span class='ocrx_word' id='word_1_59' title='bbox 298 854 382 886; x_wconf 70' lang='lat' dir='ltr'>circa</span> <span class='ocrx_word' id='word_1_60' title='bbox 396 866 446 886; x_wconf 84' lang='lat' dir='ltr'>res</span> <span class='ocrx_word' id='word_1_61' title='bbox 460 866 533 896; x_wconf 85' lang='lat' dir='ltr'>quae</span> <span class='ocrx_word' id='word_1_62' title='bbox 550 857 613 886; x_wconf 87' lang='lat' dir='ltr'>sint</span> <span class='ocrx_word' id='word_1_63' title='bbox 627 857 662 886; x_wconf 88' lang='lat' dir='ltr'>in</span> <span class='ocrx_word' id='word_1_64' title='bbox 676 865 772 884; x_wconf 87' lang='lat' dir='ltr'>usum</span> 
     </span>
     <span class='ocr_line' id='line_1_14' title="bbox 203 901 772 942; baseline -0.004 -10"><span class='ocrx_word' id='word_1_65' title='bbox 203 901 278 939; x_wconf 80' lang='lat' dir='ltr'>oevi,</span> <span class='ocrx_word' id='word_1_66' title='bbox 295 901 330 931; x_wconf 89' lang='lat' dir='ltr'>id</span> <span class='ocrx_word' id='word_1_67' title='bbox 347 908 408 939; x_wconf 85' lang='lat' dir='ltr'>est,</span> <span class='ocrx_word' id='word_1_68' title='bbox 424 912 495 942; x_wconf 88' lang='lat' dir='ltr'>quae</span> <span class='ocrx_word' id='word_1_69' title='bbox 510 903 574 932; x_wconf 85' lang='lat' dir='ltr'>sint</span> <span class='ocrx_word' id='word_1_70' title='bbox 589 901 772 932; x_wconf 83' lang='lat' dir='ltr'>necessariae</span> 
     </span>
     <span class='ocr_line' id='line_1_15' title="bbox 204 946 771 989; baseline 0 -11"><span class='ocrx_word' id='word_1_71' title='bbox 204 947 243 978; x_wconf 84' lang='lat' dir='ltr'>ad</span> <span class='ocrx_word' id='word_1_72' title='bbox 254 958 354 979; x_wconf 68' lang='lat' dir='ltr'>oeuum</span> <span class='ocrx_word' id='word_1_73' title='bbox 369 948 511 978; x_wconf 77' lang='lat' dir='ltr'>hilariter</span> <span class='ocrx_word' id='word_1_74' title='bbox 522 946 771 989; x_wconf 82' lang='lat' dir='ltr'>transigendum.</span> 
     </span>
     <span class='ocr_line' id='line_1_16' title="bbox 203 993 772 1034; baseline -0.005 -9"><span class='ocrx_word' id='word_1_75' title='bbox 203 995 279 1026; x_wconf 83' lang='lat' dir='ltr'>Vita</span> <span class='ocrx_word' id='word_1_76' title='bbox 299 993 383 1024; x_wconf 82' lang='lat' dir='ltr'>enim</span> <span class='ocrx_word' id='word_1_77' title='bbox 413 994 536 1032; x_wconf 79' lang='lat' dir='ltr'>brevis,</span> <span class='ocrx_word' id='word_1_78' title='bbox 558 1000 590 1024; x_wconf 88' lang='lat' dir='ltr'>et</span> <span class='ocrx_word' id='word_1_79' title='bbox 612 993 699 1034; x_wconf 89' lang='lat' dir='ltr'>qnod</span> <span class='ocrx_word' id='word_1_80' title='bbox 719 1003 772 1022; x_wconf 85' lang='lat' dir='ltr'>su-</span> 
     </span>
     <span class='ocr_line' id='line_1_17' title="bbox 203 1039 772 1082; baseline -0.004 -12"><span class='ocrx_word' id='word_1_81' title='bbox 203 1046 310 1082; x_wconf 85' lang='lat' dir='ltr'>perest</span> <span class='ocrx_word' id='word_1_82' title='bbox 329 1050 507 1078; x_wconf 82' lang='lat' dir='ltr'>annorum,</span> <span class='ocrx_word' id='word_1_83' title='bbox 520 1041 555 1070; x_wconf 93' lang='lat' dir='ltr'>in</span> <span class='ocrx_word' id='word_1_84' title='bbox 572 1040 690 1080; x_wconf 87' lang='lat' dir='ltr'>quibus</span> <span class='ocrx_word' id='word_1_85' title='bbox 707 1039 772 1068; x_wconf 88' lang='lat' dir='ltr'>for-</span> 
     </span>
     <span class='ocr_line' id='line_1_18' title="bbox 205 1085 775 1127; baseline -0.005 -10"><span class='ocrx_word' id='word_1_86' title='bbox 205 1086 284 1117; x_wconf 76' lang='lat' dir='ltr'>tasse</span> <span class='ocrx_word' id='word_1_87' title='bbox 293 1109 302 1125; x_wconf 96' lang='lat'>,</span> <span class='ocrx_word' id='word_1_88' title='bbox 317 1085 356 1116; x_wconf 90' lang='lat' dir='ltr'>ad</span> <span class='ocrx_word' id='word_1_89' title='bbox 369 1086 526 1127; x_wconf 80' lang='lat' dir='ltr'>explenda</span> <span class='ocrx_word' id='word_1_90' title='bbox 538 1085 681 1116; x_wconf 86' lang='lat' dir='ltr'>libidinis</span> <span class='ocrx_word' id='word_1_91' title='bbox 700 1091 775 1115; x_wconf 82' lang='lat' dir='ltr'>vota</span> 
     </span>
     <span class='ocr_line' id='line_1_19' title="bbox 205 1132 774 1173; baseline -0.004 -11"><span class='ocrx_word' id='word_1_92' title='bbox 205 1132 305 1162; x_wconf 87' lang='lat' dir='ltr'>multa</span> <span class='ocrx_word' id='word_1_93' title='bbox 329 1132 389 1162; x_wconf 85' lang='lat' dir='ltr'>tibi</span> <span class='ocrx_word' id='word_1_94' title='bbox 412 1138 563 1173; x_wconf 79' lang='lat' dir='ltr'>exoptare</span> <span class='ocrx_word' id='word_1_95' title='bbox 582 1132 711 1170; x_wconf 89' lang='lat' dir='ltr'>liceret,</span> <span class='ocrx_word' id='word_1_96' title='bbox 726 1141 774 1160; x_wconf 90' lang='lat' dir='ltr'>ra-</span> 
     </span>
     <span class='ocr_line' id='line_1_20' title="bbox 203 1178 774 1220; baseline -0.005 -11"><span class='ocrx_word' id='word_1_97' title='bbox 203 1178 365 1220; x_wconf 80' lang='lat' dir='ltr'>pidissime</span> <span class='ocrx_word' id='word_1_98' title='bbox 410 1178 529 1210; x_wconf 85' lang='lat' dir='ltr'>effluet.</span> <span class='ocrx_word' id='word_1_99' title='bbox 568 1179 670 1219; x_wconf 73' lang='lat' dir='ltr'>Ergo,</span> <span class='ocrx_word' id='word_1_100' title='bbox 704 1187 774 1207; x_wconf 82' lang='lat' dir='ltr'>nou</span> 
     </span>
     <span class='ocr_line' id='line_1_21' title="bbox 203 1222 774 1266; baseline -0.005 -11"><span class='ocrx_word' id='word_1_101' title='bbox 203 1231 292 1255; x_wconf 83' lang='lat' dir='ltr'>tanto</span> <span class='ocrx_word' id='word_1_102' title='bbox 317 1231 468 1266; x_wconf 87' lang='lat' dir='ltr'>apparatu</span> <span class='ocrx_word' id='word_1_103' title='bbox 498 1224 538 1255; x_wconf 88' lang='lat' dir='ltr'>ad</span> <span class='ocrx_word' id='word_1_104' title='bbox 562 1233 691 1254; x_wconf 86' lang='lat' dir='ltr'>cursum</span> <span class='ocrx_word' id='word_1_105' title='bbox 709 1222 774 1252; x_wconf 70' lang='lat' dir='ltr'>tam</span> 
     </span>
     <span class='ocr_line' id='line_1_22' title="bbox 203 1270 768 1312; baseline -0.002 -11"><span class='ocrx_word' id='word_1_106' title='bbox 203 1271 334 1302; x_wconf 87' lang='lat' dir='ltr'>brevem</span> <span class='ocrx_word' id='word_1_107' title='bbox 365 1270 579 1312; x_wconf 85' lang='lat' dir='ltr'>peragendum</span> <span class='ocrx_word' id='word_1_108' title='bbox 606 1280 689 1311; x_wconf 89' lang='lat' dir='ltr'>opus</span> <span class='ocrx_word' id='word_1_109' title='bbox 712 1275 768 1300; x_wconf 84' lang='lat' dir='ltr'>est.</span> 
     </span>
     <span class='ocr_line' id='line_1_23' title="bbox 202 1315 770 1357; baseline -0.005 -10"><span class='ocrx_word' id='word_1_110' title='bbox 202 1317 255 1348; x_wconf 82' lang='lat' dir='ltr'>Sic</span> <span class='ocrx_word' id='word_1_111' title='bbox 297 1316 508 1357; x_wconf 86' lang='lat' dir='ltr'>praecedentia</span> <span class='ocrx_word' id='word_1_112' title='bbox 547 1327 618 1347; x_wconf 79' lang='lat' dir='ltr'>cum</span> <span class='ocrx_word' id='word_1_113' title='bbox 661 1315 770 1345; x_wconf 84' lang='lat' dir='ltr'>subse-</span> 
     </span>
     <span class='ocr_line' id='line_1_24' title="bbox 203 1362 770 1404; baseline -0.005 -11"><span class='ocrx_word' id='word_1_114' title='bbox 203 1362 375 1404; x_wconf 78' lang='lat' dir='ltr'>quentibus</span> <span class='ocrx_word' id='word_1_115' title='bbox 407 1362 498 1393; x_wconf 81' lang='lat' dir='ltr'>facile</span> <span class='ocrx_word' id='word_1_116' title='bbox 527 1368 770 1393; x_wconf 89' lang='lat' dir='ltr'>connectuntur.</span> 
     </span>
     <span class='ocr_line' id='line_1_25' title="bbox 205 1405 775 1453; baseline -0.004 -15"><span class='ocrx_word' id='word_1_117' title='bbox 205 1407 293 1453; x_wconf 57' lang='grc' dir='ltr'>Εσφίς</span> <span class='ocrx_word' id='word_1_118' title='bbox 303 1408 448 1450; x_wconf 80' lang='lat' dir='ltr'>juventas</span> <span class='ocrx_word' id='word_1_119' title='bbox 461 1419 472 1438; x_wconf 91' lang='lat'>.·</span> <span class='ocrx_word' id='word_1_120' title='bbox 485 1410 619 1450; x_wconf 85' lang='lat' dir='ltr'><strong>primam</strong></span> <span class='ocrx_word' id='word_1_121' title='bbox 631 1417 685 1438; x_wconf 72' lang='grc' dir='ltr'>του</span> <span class='ocrx_word' id='word_1_122' title='bbox 699 1405 775 1437; x_wconf 80' lang='lat' dir='ltr'>Ievis</span> 
     </span>
     <span class='ocr_line' id='line_1_26' title="bbox 205 1453 770 1496; baseline -0.004 -12"><span class='ocrx_word' id='word_1_123' title='bbox 205 1454 377 1496; x_wconf 84' lang='lat' dir='ltr'>syllabam,</span> <span class='ocrx_word' id='word_1_124' title='bbox 403 1454 514 1485; x_wconf 57' lang='lat' dir='ltr'>contr&amp;</span> <span class='ocrx_word' id='word_1_125' title='bbox 547 1455 639 1484; x_wconf 87' lang='lat' dir='ltr'>metri</span> <span class='ocrx_word' id='word_1_126' title='bbox 669 1453 770 1494; x_wconf 85' lang='lat' dir='ltr'>leges,</span> 
     </span>
     <span class='ocr_line' id='line_1_27' title="bbox 204 1498 775 1542; baseline -0.005 -11"><span class='ocrx_word' id='word_1_127' title='bbox 204 1498 356 1532; x_wconf 79' lang='lat' dir='ltr'>nonnulli</span> <span class='ocrx_word' id='word_1_128' title='bbox 371 1502 569 1542; x_wconf 89' lang='lat' dir='ltr'>corripiunt,</span> <span class='ocrx_word' id='word_1_129' title='bbox 585 1499 627 1530; x_wconf 75' lang='lat' dir='ltr'>ita</span> <span class='ocrx_word' id='word_1_130' title='bbox 644 1507 699 1536; x_wconf 88' lang='lat' dir='ltr'>ut,</span> <span class='ocrx_word' id='word_1_131' title='bbox 717 1509 775 1539; x_wconf 89' lang='lat' dir='ltr'>per</span> 
     </span>
     <span class='ocr_line' id='line_1_28' title="bbox 205 1546 773 1588; baseline -0.005 -11"><span class='ocrx_word' id='word_1_132' title='bbox 205 1547 303 1578; x_wconf 77' lang='lat' dir='ltr'>levem</span> <span class='ocrx_word' id='word_1_133' title='bbox 310 1546 496 1588; x_wconf 76' lang='lat' dir='ltr'>juventam,</span> <span class='ocrx_word' id='word_1_134' title='bbox 511 1546 688 1586; x_wconf 80' lang='lat' dir='ltr'>intelligant</span> <span class='ocrx_word' id='word_1_135' title='bbox 698 1567 706 1582; x_wconf 90' lang='lat'><strong><em>‚</em></strong></span> <span class='ocrx_word' id='word_1_136' title='bbox 721 1546 773 1582; x_wconf 87' lang='lat' dir='ltr'>ju-</span> 
     </span>
     <span class='ocr_line' id='line_1_29' title="bbox 206 1590 775 1631; baseline -0.009 -7"><span class='ocrx_word' id='word_1_137' title='bbox 206 1599 332 1625; x_wconf 81' lang='lat' dir='ltr'>ventam</span> <span class='ocrx_word' id='word_1_138' title='bbox 346 1593 472 1623; x_wconf 83' lang='lat' dir='ltr'>levibus</span> <span class='ocrx_word' id='word_1_139' title='bbox 484 1594 560 1631; x_wconf 84' lang='lat' dir='ltr'>jocis</span> <span class='ocrx_word' id='word_1_140' title='bbox 574 1599 605 1622; x_wconf 87' lang='lat' dir='ltr'>et</span> <span class='ocrx_word' id='word_1_141' title='bbox 613 1590 775 1622; x_wconf 77' lang='lat' dir='ltr'>amoribus</span> 
     </span>
     <span class='ocr_line' id='line_1_30' title="bbox 207 1637 774 1680; baseline -0.009 -10"><span class='ocrx_word' id='word_1_142' title='bbox 207 1646 322 1680; x_wconf 84' lang='lat' dir='ltr'>aptam.</span> <span class='ocrx_word' id='word_1_143' title='bbox 339 1641 466 1670; x_wconf 84' lang='lat' dir='ltr'>Praestat</span> <span class='ocrx_word' id='word_1_144' title='bbox 480 1639 585 1669; x_wconf 77' lang='lat' dir='ltr'>tamen</span> <span class='ocrx_word' id='word_1_145' title='bbox 594 1661 602 1676; x_wconf 93' lang='lat'><em>‚</em></span> <span class='ocrx_word' id='word_1_146' title='bbox 616 1647 687 1667; x_wconf 88' lang='lat' dir='ltr'>meo</span> <span class='ocrx_word' id='word_1_147' title='bbox 703 1637 774 1676; x_wconf 85' lang='lat' dir='ltr'>qui-</span> 
     </span>
     <span class='ocr_line' id='line_1_31' title="bbox 207 1683 775 1726; baseline -0.009 -10"><span class='ocrx_word' id='word_1_148' title='bbox 207 1685 280 1716; x_wconf 74' lang='lat' dir='ltr'>dem</span> <span class='ocrx_word' id='word_1_149' title='bbox 295 1684 433 1724; x_wconf 80' lang='lat' dir='ltr'>judicio,</span> <span class='ocrx_word' id='word_1_150' title='bbox 453 1685 629 1726; x_wconf 85' lang='lat' dir='ltr'>intelligere</span> <span class='ocrx_word' id='word_1_151' title='bbox 647 1683 686 1713; x_wconf 88' lang='lat' dir='ltr'>de</span> <span class='ocrx_word' id='word_1_152' title='bbox 703 1693 775 1723; x_wconf 87' lang='lat' dir='ltr'>per-</span> 
     </span>
     <span class='ocr_line' id='line_1_32' title="bbox 207 1730 777 1773; baseline -0.009 -11"><span class='ocrx_word' id='word_1_153' title='bbox 207 1738 307 1773; x_wconf 87' lang='lat' dir='ltr'>petuo</span> <span class='ocrx_word' id='word_1_154' title='bbox 329 1731 507 1770; x_wconf 79' lang='lat' dir='ltr'>juventutis</span> <span class='ocrx_word' id='word_1_155' title='bbox 546 1730 715 1766; x_wconf 87' lang='lat' dir='ltr'>attributo,</span> <span class='ocrx_word' id='word_1_156' title='bbox 746 1734 777 1758; x_wconf 89' lang='lat' dir='ltr'>et</span> 
     </span>
     <span class='ocr_line' id='line_1_33' title="bbox 208 1771 775 1811; baseline -0.009 -3"><span class='ocrx_word' id='word_1_157' title='bbox 208 1775 329 1808; x_wconf 67' lang='lat' dir='ltr'>servata</span> <span class='ocrx_word' id='word_1_158' title='bbox 347 1775 455 1807; x_wconf 70' lang='lat' dir='ltr'>versus</span> <span class='ocrx_word' id='word_1_159' title='bbox 473 1776 593 1806; x_wconf 74' lang='lat' dir='ltr'>Alcaici</span> <span class='ocrx_word' id='word_1_160' title='bbox 613 1771 775 1811; x_wconf 55' lang='lat' dir='ltr'>mensuri,</span> 
     </span>
     <span class='ocr_line' id='line_1_34' title="bbox 209 1820 778 1861; baseline -0.007 -7"><span class='ocrx_word' id='word_1_161' title='bbox 209 1824 291 1854; x_wconf 85' lang='lat' dir='ltr'>hane</span> <span class='ocrx_word' id='word_1_162' title='bbox 300 1833 410 1853; x_wconf 88' lang='lat' dir='ltr'>vocem</span> <span class='ocrx_word' id='word_1_163' title='bbox 422 1822 577 1852; x_wconf 87' lang='lat' dir='ltr'>deducere</span> <span class='ocrx_word' id='word_1_164' title='bbox 587 1820 605 1851; x_wconf 78' lang='grc' dir='ltr'>ἐι</span> <span class='ocrx_word' id='word_1_165' title='bbox 615 1831 692 1851; x_wconf 88' lang='lat' dir='ltr'>voce</span> <span class='ocrx_word' id='word_1_166' title='bbox 701 1830 778 1861; x_wconf 87' lang='lat' dir='ltr'>grae·</span> 
     </span>
     <span class='ocr_line' id='line_1_35' title="bbox 211 1866 776 1906; baseline -0.009 -6"><span class='ocrx_word' id='word_1_167' title='bbox 211 1869 249 1900; x_wconf 67' lang='lat' dir='ltr'>ca</span> <span class='ocrx_word' id='word_1_168' title='bbox 263 1868 358 1906; x_wconf 79' lang='grc' dir='ltr'>λεῖος,</span> <span class='ocrx_word' id='word_1_169' title='bbox 379 1868 466 1899; x_wconf 76' lang='lat' dir='ltr'>loevz&#39;s</span> <span class='ocrx_word' id='word_1_170' title='bbox 482 1868 532 1898; x_wconf 85' lang='lat' dir='ltr'>vel</span> <span class='ocrx_word' id='word_1_171' title='bbox 549 1867 641 1904; x_wconf 71' lang='lat' dir='ltr'>levis,</span> <span class='ocrx_word' id='word_1_172' title='bbox 663 1866 696 1897; x_wconf 90' lang='lat' dir='ltr'>id</span> <span class='ocrx_word' id='word_1_173' title='bbox 712 1873 776 1903; x_wconf 87' lang='lat' dir='ltr'>est,</span> 
     </span>
     <span class='ocr_line' id='line_1_36' title="bbox 211 1912 777 1952; baseline -0.009 -6"><span class='ocrx_word' id='word_1_174' title='bbox 211 1915 364 1947; x_wconf 82' lang='lat' dir='ltr'>imberbis</span> <span class='ocrx_word' id='word_1_175' title='bbox 374 1937 382 1952; x_wconf 94' lang='lat'><strong>‚</strong></span> <span class='ocrx_word' id='word_1_176' title='bbox 401 1914 505 1944; x_wconf 84' lang='lat' dir='ltr'>mollis</span> <span class='ocrx_word' id='word_1_177' title='bbox 515 1936 524 1951; x_wconf 95' lang='lat'>,</span> <span class='ocrx_word' id='word_1_178' title='bbox 543 1920 649 1944; x_wconf 84' lang='lat' dir='ltr'>tenera</span> <span class='ocrx_word' id='word_1_179' title='bbox 659 1935 668 1949; x_wconf 92' lang='lat'>‚</span> <span class='ocrx_word' id='word_1_180' title='bbox 686 1919 717 1942; x_wconf 91' lang='lat' dir='ltr'>et</span> <span class='ocrx_word' id='word_1_181' title='bbox 732 1912 777 1941; x_wconf 74' lang='lat' dir='ltr'>sic.</span> 
     </span>
     <span class='ocr_line' id='line_1_37' title="bbox 212 1958 779 2004; baseline -0.009 -12"><span class='ocrx_word' id='word_1_182' title='bbox 212 1961 376 2004; x_wconf 79' lang='lat' dir='ltr'>epitheton</span> <span class='ocrx_word' id='word_1_183' title='bbox 398 1970 561 2001; x_wconf 89' lang='lat' dir='ltr'>opponere</span> <span class='ocrx_word' id='word_1_184' title='bbox 584 1958 718 1990; x_wconf 87' lang='lat' dir='ltr'>vocibus</span> <span class='ocrx_word' id='word_1_185' title='bbox 733 1968 779 1987; x_wconf 89' lang='lat' dir='ltr'>se-</span> 
     </span>
     <span class='ocr_line' id='line_1_38' title="bbox 212 2003 780 2050; baseline -0.009 -12"><span class='ocrx_word' id='word_1_186' title='bbox 212 2007 386 2050; x_wconf 80' lang='lat' dir='ltr'>quentibus</span> <span class='ocrx_word' id='word_1_187' title='bbox 412 2015 421 2036; x_wconf 72' lang='grc' dir='ltr'>ε</span> <span class='ocrx_word' id='word_1_188' title='bbox 461 2003 558 2035; x_wconf 61' lang='lat' dir='ltr'>arida</span> <span class='ocrx_word' id='word_1_189' title='bbox 591 2003 719 2035; x_wconf 73' lang='lat' dir='ltr'>canicie.</span> <span class='ocrx_word' id='word_1_190' title='bbox 732 2020 780 2027; x_wconf 93' lang='lat'>——</span> 
     </span>
     <span class='ocr_line' id='line_1_39' title="bbox 214 2051 777 2092; baseline -0.009 -8"><span class='ocrx_word' id='word_1_191' title='bbox 214 2051 320 2085; x_wconf 74' lang='lat' dir='ltr'>An‘dd</span> <span class='ocrx_word' id='word_1_192' title='bbox 347 2063 358 2083; x_wconf 90' lang='lat'>.·</span> <span class='ocrx_word' id='word_1_193' title='bbox 389 2058 532 2082; x_wconf 86' lang='lat' dir='ltr'>senectus</span> <span class='ocrx_word' id='word_1_194' title='bbox 555 2051 651 2092; x_wconf 73' lang='lat' dir='ltr'>vulgo</span> <span class='ocrx_word' id='word_1_195' title='bbox 677 2051 758 2079; x_wconf 88' lang='lat' dir='ltr'>sicca</span> <span class='ocrx_word' id='word_1_196' title='bbox 769 2071 777 2086; x_wconf 95' lang='lat'>,</span> 
     </span>
     <span class='ocr_line' id='line_1_40' title="bbox 215 2095 780 2138; baseline -0.009 -8"><span class='ocrx_word' id='word_1_197' title='bbox 215 2099 382 2130; x_wconf 74' lang='lat' dir='ltr'>macilenta</span> <span class='ocrx_word' id='word_1_198' title='bbox 393 2120 402 2136; x_wconf 90' lang='lat'>‚</span> <span class='ocrx_word' id='word_1_199' title='bbox 432 2108 561 2138; x_wconf 87' lang='lat' dir='ltr'>rugosa,</span> <span class='ocrx_word' id='word_1_200' title='bbox 587 2095 662 2136; x_wconf 68' lang='lat' dir='ltr'>quia</span> <span class='ocrx_word' id='word_1_201' title='bbox 692 2096 780 2125; x_wconf 80' lang='lat' dir='ltr'>vitali</span> 
     </span>
     <span class='ocr_line' id='line_1_41' title="bbox 215 2141 780 2186; baseline -0.011 -10"><span class='ocrx_word' id='word_1_202' title='bbox 215 2146 349 2179; x_wconf 88' lang='lat' dir='ltr'>humore</span> <span class='ocrx_word' id='word_1_203' title='bbox 371 2144 470 2186; x_wconf 84' lang='lat' dir='ltr'>magis</span> <span class='ocrx_word' id='word_1_204' title='bbox 491 2153 528 2174; x_wconf 86' lang='lat' dir='ltr'>ac</span> <span class='ocrx_word' id='word_1_205' title='bbox 549 2142 645 2184; x_wconf 81' lang='lat' dir='ltr'>magis</span> <span class='ocrx_word' id='word_1_206' title='bbox 665 2143 700 2171; x_wconf 90' lang='lat' dir='ltr'>in</span> <span class='ocrx_word' id='word_1_207' title='bbox 715 2141 780 2171; x_wconf 85' lang='lat' dir='ltr'>dies</span> 
     </span>
     <span class='ocr_line' id='line_1_42' title="bbox 218 2191 411 2223; baseline -0.005 0"><span class='ocrx_word' id='word_1_208' title='bbox 218 2191 411 2223; x_wconf 83' lang='lat' dir='ltr'>destituitur.</span> 
     </span>
    </p>

    <p class='ocr_par' dir='ltr' id='par_1_5' title="bbox 267 2233 782 2279">
     <span class='ocr_line' id='line_1_43' title="bbox 267 2233 782 2279; baseline -0.01 -10"><span class='ocrx_word' id='word_1_209' title='bbox 267 2238 297 2269; x_wconf 80' lang='lat'>3.</span> <span class='ocrx_word' id='word_1_210' title='bbox 314 2238 389 2268; x_wconf 86' lang='lat' dir='ltr'>Non</span> <span class='ocrx_word' id='word_1_211' title='bbox 411 2236 536 2278; x_wconf 69' lang='lat' dir='ltr'>semper</span> <span class='ocrx_word' id='word_1_212' title='bbox 558 2235 641 2267; x_wconf 84' lang='lat' dir='ltr'>idem</span> <span class='ocrx_word' id='word_1_213' title='bbox 645 2233 782 2279; x_wconf 85' lang='lat' dir='ltr'>floribus</span> 
     </span>
    </p>
   </div>
   <div class='ocr_carea' id='block_1_5' title="bbox 822 801 1391 1215">
    <p class='ocr_par' dir='ltr' id='par_1_6' title="bbox 822 801 1391 1215">
     <span class='ocr_line' id='line_1_44' title="bbox 822 801 1388 846; baseline -0.007 -8"><span class='ocrx_word' id='word_1_214' title='bbox 822 813 869 838; x_wconf 85' lang='lat' dir='ltr'>est</span> <span class='ocrx_word' id='word_1_215' title='bbox 878 804 979 837; x_wconf 76' lang='lat' dir='ltr'>honos</span> <span class='ocrx_word' id='word_1_216' title='bbox 994 803 1123 836; x_wconf 75' lang='lat' dir='ltr'>Vernis:</span> <span class='ocrx_word' id='word_1_217' title='bbox 1138 801 1388 846; x_wconf 77' lang='lat' dir='ltr'>frequentissima</span> 
     </span>
     <span class='ocr_line' id='line_1_45' title="bbox 823 851 1387 892; baseline -0.007 -8"><span class='ocrx_word' id='word_1_218' title='bbox 823 854 906 884; x_wconf 85' lang='lat' dir='ltr'>veris</span> <span class='ocrx_word' id='word_1_219' title='bbox 922 863 995 883; x_wconf 88' lang='lat' dir='ltr'>cum</span> <span class='ocrx_word' id='word_1_220' title='bbox 1008 853 1175 892; x_wconf 82' lang='lat' dir='ltr'>juventute</span> <span class='ocrx_word' id='word_1_221' title='bbox 1185 851 1387 892; x_wconf 77' lang='lat' dir='ltr'>comparatio.</span> 
     </span>
     <span class='ocr_line' id='line_1_46' title="bbox 822 898 1390 932; baseline -0.009 -1"><span class='ocrx_word' id='word_1_222' title='bbox 822 902 950 932; x_wconf 83' lang='lat' dir='ltr'>Nexum</span> <span class='ocrx_word' id='word_1_223' title='bbox 965 898 1068 929; x_wconf 77' lang='lat' dir='ltr'>autem</span> <span class='ocrx_word' id='word_1_224' title='bbox 1077 899 1257 928; x_wconf 80' lang='lat' dir='ltr'>Horatianae</span> <span class='ocrx_word' id='word_1_225' title='bbox 1268 902 1390 926; x_wconf 83' lang='lat' dir='ltr'>senten-</span> 
     </span>
     <span class='ocr_line' id='line_1_47' title="bbox 825 941 1390 986; baseline -0.009 -10"><span class='ocrx_word' id='word_1_226' title='bbox 825 948 876 976; x_wconf 80' lang='lat' dir='ltr'>tiae</span> <span class='ocrx_word' id='word_1_227' title='bbox 894 956 965 975; x_wconf 91' lang='lat' dir='ltr'>cum</span> <span class='ocrx_word' id='word_1_228' title='bbox 983 943 1248 986; x_wconf 68' lang='lat' dir='ltr'>praecedentibus,</span> <span class='ocrx_word' id='word_1_229' title='bbox 1260 941 1390 972; x_wconf 73' lang='lat' dir='ltr'>clarissi-</span> 
     </span>
     <span class='ocr_line' id='line_1_48' title="bbox 824 988 1389 1030; baseline -0.007 -8"><span class='ocrx_word' id='word_1_230' title='bbox 824 992 875 1022; x_wconf 76' lang='lat' dir='ltr'>me</span> <span class='ocrx_word' id='word_1_231' title='bbox 892 991 1034 1022; x_wconf 78' lang='lat' dir='ltr'>indicant</span> <span class='ocrx_word' id='word_1_232' title='bbox 1042 1000 1151 1030; x_wconf 84' lang='lat' dir='ltr'>versus</span> <span class='ocrx_word' id='word_1_233' title='bbox 1162 989 1234 1020; x_wconf 88' lang='lat' dir='ltr'>Tib.</span> <span class='ocrx_word' id='word_1_234' title='bbox 1245 990 1271 1026; x_wconf 90' lang='grc' dir='ltr'>Ι,</span> <span class='ocrx_word' id='word_1_235' title='bbox 1287 993 1306 1024; x_wconf 74' lang='grc'>4</span> <span class='ocrx_word' id='word_1_236' title='bbox 1315 1010 1324 1026; x_wconf 90' lang='grc'><strong><em>,</em></strong></span> <span class='ocrx_word' id='word_1_237' title='bbox 1333 988 1389 1018; x_wconf 77' lang='lat'>28:</span> 
     </span>
     <span class='ocr_line' id='line_1_49' title="bbox 828 1034 1389 1076; baseline -0.009 -8"><span class='ocrx_word' id='word_1_238' title='bbox 828 1037 974 1069; x_wconf 74' lang='lat' dir='ltr'>Tmnsiec</span> <span class='ocrx_word' id='word_1_239' title='bbox 991 1043 1070 1067; x_wconf 81' lang='lat' dir='ltr'>aeeas</span> <span class='ocrx_word' id='word_1_240' title='bbox 1093 1035 1197 1076; x_wconf 72' lang='lat' dir='ltr'>Quc&#39;zm</span> <span class='ocrx_word' id='word_1_241' title='bbox 1224 1034 1308 1064; x_wconf 68' lang='lat' dir='ltr'>cite!</span> <span class='ocrx_word' id='word_1_242' title='bbox 1323 1044 1389 1064; x_wconf 86' lang='lat' dir='ltr'>non</span> 
     </span>
     <span class='ocr_line' id='line_1_50' title="bbox 825 1078 1389 1126; baseline -0.009 -12"><span class='ocrx_word' id='word_1_243' title='bbox 825 1083 931 1126; x_wconf 77' lang='lat' dir='ltr'>segnis</span> <span class='ocrx_word' id='word_1_244' title='bbox 940 1090 1005 1113; x_wconf 83' lang='lat' dir='ltr'>stat</span> <span class='ocrx_word' id='word_1_245' title='bbox 1011 1089 1193 1122; x_wconf 80' lang='lat' dir='ltr'>remeatque</span> <span class='ocrx_word' id='word_1_246' title='bbox 1201 1080 1278 1111; x_wconf 84' lang='lat' dir='ltr'>dies.</span> <span class='ocrx_word' id='word_1_247' title='bbox 1284 1078 1389 1121; x_wconf 69' lang='lat' dir='ltr'>Quizm</span> 
     </span>
     <span class='ocr_line' id='line_1_51' title="bbox 825 1126 1390 1170; baseline -0.009 -10"><span class='ocrx_word' id='word_1_248' title='bbox 825 1130 888 1160; x_wconf 73' lang='grc' dir='ltr'>εἰτὸ</span> <span class='ocrx_word' id='word_1_249' title='bbox 895 1139 1070 1170; x_wconf 80' lang='lat' dir='ltr'>purpureos</span> <span class='ocrx_word' id='word_1_250' title='bbox 1083 1126 1229 1168; x_wconf 75' lang='lat' dir='ltr'>deperdit</span> <span class='ocrx_word' id='word_1_251' title='bbox 1237 1133 1323 1157; x_wconf 74' lang='lat' dir='ltr'>terra</span> <span class='ocrx_word' id='word_1_252' title='bbox 1339 1135 1390 1155; x_wconf 86' lang='lat' dir='ltr'>co-</span> 
     </span>
     <span class='ocr_line' id='line_1_52' title="bbox 826 1172 1391 1215; baseline -0.009 -9"><span class='ocrx_word' id='word_1_253' title='bbox 826 1177 930 1207; x_wconf 84' lang='lat' dir='ltr'>lores!</span> <span class='ocrx_word' id='word_1_254' title='bbox 949 1174 1054 1215; x_wconf 78' lang='grc' dir='ltr'>ριιὰιιι</span> <span class='ocrx_word' id='word_1_255' title='bbox 1080 1173 1142 1204; x_wconf 72' lang='grc' dir='ltr'><em>σι’ῐὸ</em></span> <span class='ocrx_word' id='word_1_256' title='bbox 1156 1172 1320 1215; x_wconf 69' lang='lat' dir='ltr'>formosas</span> <span class='ocrx_word' id='word_1_257' title='bbox 1331 1182 1391 1212; x_wconf 85' lang='lat' dir='ltr'>po-</span> 
     </span>
    </p>
   </div>
   <div class='ocr_carea' id='block_1_6' title="bbox 820 1219 1391 1264">
    <p class='ocr_par' dir='ltr' id='par_1_7' title="bbox 820 1219 1391 1264">
     <span class='ocr_line' id='line_1_53' title="bbox 820 1219 1391 1264; baseline -0.007 -12"><span class='ocrx_word' id='word_1_258' title='bbox 820 1222 917 1264; x_wconf 83' lang='lat' dir='ltr'>pulus</span> <span class='ocrx_word' id='word_1_259' title='bbox 944 1221 1020 1250; x_wconf 82' lang='lat' dir='ltr'>alba</span> <span class='ocrx_word' id='word_1_260' title='bbox 1047 1221 1180 1250; x_wconf 80' lang='lat' dir='ltr'>comas!</span> <span class='ocrx_word' id='word_1_261' title='bbox 1203 1236 1250 1243; x_wconf 91' lang='lat'>--</span> <span class='ocrx_word' id='word_1_262' title='bbox 1276 1219 1391 1258; x_wconf 80' lang='lat' dir='ltr'>Neque</span> 
     </span>
    </p>
   </div>
   <div class='ocr_carea' id='block_1_7' title="bbox 822 1263 1397 2270">
    <p class='ocr_par' dir='ltr' id='par_1_8' title="bbox 822 1263 1396 2226">
     <span class='ocr_line' id='line_1_54' title="bbox 825 1263 1389 1298; baseline -0.007 0"><span class='ocrx_word' id='word_1_263' title='bbox 825 1279 889 1298; x_wconf 82' lang='lat' dir='ltr'>uno</span> <span class='ocrx_word' id='word_1_264' title='bbox 923 1268 1003 1298; x_wconf 83' lang='lat' dir='ltr'>luna</span> <span class='ocrx_word' id='word_1_265' title='bbox 1032 1265 1145 1297; x_wconf 81' lang='lat' dir='ltr'>rubens</span> <span class='ocrx_word' id='word_1_266' title='bbox 1169 1265 1249 1295; x_wconf 77' lang='lat' dir='ltr'>nitet</span> <span class='ocrx_word' id='word_1_267' title='bbox 1270 1263 1367 1294; x_wconf 82' lang='lat' dir='ltr'>Vultu</span> <span class='ocrx_word' id='word_1_268' title='bbox 1377 1274 1389 1293; x_wconf 90' lang='lat'><em>:</em></span> 
     </span>
     <span class='ocr_line' id='line_1_55' title="bbox 822 1309 1390 1356; baseline -0.009 -11"><span class='ocrx_word' id='word_1_269' title='bbox 822 1314 899 1345; x_wconf 90' lang='lat' dir='ltr'>luna</span> <span class='ocrx_word' id='word_1_270' title='bbox 909 1336 917 1352; x_wconf 82' lang='lat'>,</span> <span class='ocrx_word' id='word_1_271' title='bbox 927 1311 1058 1356; x_wconf 76' lang='lat' dir='ltr'>propter</span> <span class='ocrx_word' id='word_1_272' title='bbox 1070 1311 1277 1352; x_wconf 84' lang='lat' dir='ltr'>tranquillum</span> <span class='ocrx_word' id='word_1_273' title='bbox 1285 1309 1390 1351; x_wconf 81' lang='lat' dir='ltr'>splen-</span> 
     </span>
     <span class='ocr_line' id='line_1_56' title="bbox 825 1355 1392 1398; baseline -0.007 -8"><span class='ocrx_word' id='word_1_274' title='bbox 825 1360 934 1390; x_wconf 88' lang='lat' dir='ltr'>dorem</span> <span class='ocrx_word' id='word_1_275' title='bbox 959 1365 990 1389; x_wconf 90' lang='lat' dir='ltr'>et</span> <span class='ocrx_word' id='word_1_276' title='bbox 1013 1357 1189 1388; x_wconf 79' lang='lat' dir='ltr'>albedinem</span> <span class='ocrx_word' id='word_1_277' title='bbox 1199 1380 1208 1395; x_wconf 89' lang='lat'>,</span> <span class='ocrx_word' id='word_1_278' title='bbox 1235 1367 1295 1398; x_wconf 85' lang='lat' dir='ltr'>pro</span> <span class='ocrx_word' id='word_1_279' title='bbox 1318 1355 1392 1397; x_wconf 87' lang='lat' dir='ltr'>pul·</span> 
     </span>
     <span class='ocr_line' id='line_1_57' title="bbox 826 1402 1392 1445; baseline -0.007 -9"><span class='ocrx_word' id='word_1_280' title='bbox 826 1405 1013 1436; x_wconf 82' lang='lat' dir='ltr'>chritudinis</span> <span class='ocrx_word' id='word_1_281' title='bbox 1026 1405 1162 1445; x_wconf 84' lang='lat' dir='ltr'>imagine</span> <span class='ocrx_word' id='word_1_282' title='bbox 1182 1402 1200 1433; x_wconf 75' lang='grc' dir='ltr'>ὲ</span> <span class='ocrx_word' id='word_1_283' title='bbox 1213 1403 1314 1443; x_wconf 88' lang='lat' dir='ltr'>poetis</span> <span class='ocrx_word' id='word_1_284' title='bbox 1334 1411 1392 1432; x_wconf 77' lang='lat' dir='ltr'>sae-</span> 
     </span>
     <span class='ocr_line' id='line_1_58' title="bbox 826 1447 1392 1493; baseline -0.007 -11"><span class='ocrx_word' id='word_1_285' title='bbox 826 1452 953 1493; x_wconf 80' lang='lat' dir='ltr'>pissime</span> <span class='ocrx_word' id='word_1_286' title='bbox 981 1450 1158 1481; x_wconf 86' lang='lat' dir='ltr'>adhibetur.</span> <span class='ocrx_word' id='word_1_287' title='bbox 1184 1448 1284 1480; x_wconf 75' lang='lat' dir='ltr'>Porro</span> <span class='ocrx_word' id='word_1_288' title='bbox 1310 1447 1392 1478; x_wconf 81' lang='lat' dir='ltr'>nihil</span> 
     </span>
     <span class='ocr_line' id='line_1_59' title="bbox 825 1496 1392 1538; baseline -0.009 -10"><span class='ocrx_word' id='word_1_289' title='bbox 825 1499 881 1529; x_wconf 89' lang='lat' dir='ltr'>illo</span> <span class='ocrx_word' id='word_1_290' title='bbox 897 1497 997 1527; x_wconf 87' lang='lat' dir='ltr'>sidere</span> <span class='ocrx_word' id='word_1_291' title='bbox 1013 1496 1109 1538; x_wconf 81' lang='lat' dir='ltr'>magis</span> <span class='ocrx_word' id='word_1_292' title='bbox 1124 1496 1246 1525; x_wconf 85' lang='lat' dir='ltr'>varium</span> <span class='ocrx_word' id='word_1_293' title='bbox 1269 1504 1305 1524; x_wconf 88' lang='lat' dir='ltr'>ac</span> <span class='ocrx_word' id='word_1_294' title='bbox 1319 1503 1392 1523; x_wconf 84' lang='lat' dir='ltr'>mu-</span> 
     </span>
     <span class='ocr_line' id='line_1_60' title="bbox 825 1540 1392 1582; baseline -0.009 -8"><span class='ocrx_word' id='word_1_295' title='bbox 825 1544 920 1574; x_wconf 87' lang='lat' dir='ltr'>tabile</span> <span class='ocrx_word' id='word_1_296' title='bbox 930 1555 939 1581; x_wconf 72' lang='grc' dir='ltr'><strong><em>ς</em></strong></span> <span class='ocrx_word' id='word_1_297' title='bbox 949 1541 1115 1582; x_wconf 75' lang='lat' dir='ltr'>nunquam</span> <span class='ocrx_word' id='word_1_298' title='bbox 1127 1540 1267 1570; x_wconf 88' lang='lat' dir='ltr'>eamdem</span> <span class='ocrx_word' id='word_1_299' title='bbox 1280 1540 1392 1570; x_wconf 83' lang='lat' dir='ltr'>faciem</span> 
     </span>
     <span class='ocr_line' id='line_1_61' title="bbox 826 1586 1394 1627; baseline -0.009 -7"><span class='ocrx_word' id='word_1_300' title='bbox 826 1596 948 1627; x_wconf 81' lang='lat' dir='ltr'>servat3</span> <span class='ocrx_word' id='word_1_301' title='bbox 966 1589 1022 1618; x_wconf 80' lang='lat' dir='ltr'>vix</span> <span class='ocrx_word' id='word_1_302' title='bbox 1040 1587 1136 1627; x_wconf 86' lang='lat' dir='ltr'>pleno</span> <span class='ocrx_word' id='word_1_303' title='bbox 1150 1586 1271 1616; x_wconf 77' lang='lat' dir='ltr'>lumine</span> <span class='ocrx_word' id='word_1_304' title='bbox 1288 1595 1394 1616; x_wconf 82' lang='lat' dir='ltr'>corus·</span> 
     </span>
     <span class='ocr_line' id='line_1_62' title="bbox 828 1632 1394 1673; baseline -0.009 -7"><span class='ocrx_word' id='word_1_305' title='bbox 828 1642 878 1666; x_wconf 89' lang='lat' dir='ltr'>cat</span> <span class='ocrx_word' id='word_1_306' title='bbox 890 1658 899 1673; x_wconf 93' lang='lat'>‚</span> <span class='ocrx_word' id='word_1_307' title='bbox 928 1634 1033 1664; x_wconf 77' lang='lat' dir='ltr'>statim</span> <span class='ocrx_word' id='word_1_308' title='bbox 1060 1632 1232 1670; x_wconf 81' lang='lat' dir='ltr'>decrescit,</span> <span class='ocrx_word' id='word_1_309' title='bbox 1257 1637 1290 1661; x_wconf 88' lang='lat' dir='ltr'>et</span> <span class='ocrx_word' id='word_1_310' title='bbox 1320 1637 1394 1672; x_wconf 83' lang='lat' dir='ltr'>post</span> 
     </span>
     <span class='ocr_line' id='line_1_63' title="bbox 828 1678 1394 1723; baseline -0.009 -12"><span class='ocrx_word' id='word_1_311' title='bbox 828 1680 1009 1723; x_wconf 79' lang='lat' dir='ltr'>quindecim</span> <span class='ocrx_word' id='word_1_312' title='bbox 1022 1679 1087 1709; x_wconf 87' lang='lat' dir='ltr'>dies</span> <span class='ocrx_word' id='word_1_313' title='bbox 1097 1701 1106 1717; x_wconf 92' lang='lat'>,</span> <span class='ocrx_word' id='word_1_314' title='bbox 1119 1678 1334 1719; x_wconf 81' lang='lat' dir='ltr'>extinguitur3</span> <span class='ocrx_word' id='word_1_315' title='bbox 1348 1687 1394 1707; x_wconf 81' lang='lat' dir='ltr'>re-</span> 
     </span>
     <span class='ocr_line' id='line_1_64' title="bbox 828 1723 1393 1767; baseline -0.009 -10"><span class='ocrx_word' id='word_1_316' title='bbox 828 1728 876 1758; x_wconf 89' lang='lat' dir='ltr'>dit</span> <span class='ocrx_word' id='word_1_317' title='bbox 890 1726 1018 1767; x_wconf 67' lang='lat' dir='ltr'>quidem</span> <span class='ocrx_word' id='word_1_318' title='bbox 1029 1748 1037 1764; x_wconf 88' lang='lat'>,</span> <span class='ocrx_word' id='word_1_319' title='bbox 1051 1731 1088 1755; x_wconf 87' lang='lat' dir='ltr'>ut</span> <span class='ocrx_word' id='word_1_320' title='bbox 1104 1723 1198 1754; x_wconf 88' lang='lat' dir='ltr'>flores</span> <span class='ocrx_word' id='word_1_321' title='bbox 1210 1723 1301 1754; x_wconf 82' lang='lat' dir='ltr'>verni</span> <span class='ocrx_word' id='word_1_322' title='bbox 1310 1732 1393 1753; x_wconf 86' lang='lat' dir='ltr'>anno</span> 
     </span>
     <span class='ocr_line' id='line_1_65' title="bbox 828 1770 1394 1814; baseline -0.011 -10"><span class='ocrx_word' id='word_1_323' title='bbox 828 1779 979 1814; x_wconf 84' lang='lat' dir='ltr'>sequente</span> <span class='ocrx_word' id='word_1_324' title='bbox 1000 1772 1206 1802; x_wconf 85' lang='lat' dir='ltr'>revirescunt.</span> <span class='ocrx_word' id='word_1_325' title='bbox 1221 1771 1291 1800; x_wconf 78' lang='lat' dir='ltr'>Hoc</span> <span class='ocrx_word' id='word_1_326' title='bbox 1310 1770 1394 1799; x_wconf 87' lang='lat' dir='ltr'>inter</span> 
     </span>
     <span class='ocr_line' id='line_1_66' title="bbox 827 1814 1392 1859; baseline -0.011 -9"><span class='ocrx_word' id='word_1_327' title='bbox 827 1815 1050 1859; x_wconf 72' lang='lat' dir='ltr'>juventutem⁴‚</span> <span class='ocrx_word' id='word_1_328' title='bbox 1081 1823 1112 1846; x_wconf 89' lang='lat' dir='ltr'>et</span> <span class='ocrx_word' id='word_1_329' title='bbox 1140 1815 1247 1845; x_wconf 81' lang='lat' dir='ltr'>omnia</span> <span class='ocrx_word' id='word_1_330' title='bbox 1274 1814 1392 1855; x_wconf 84' lang='lat' dir='ltr'>quibus</span> 
     </span>
     <span class='ocr_line' id='line_1_67' title="bbox 830 1861 1394 1905; baseline -0.005 -10"><span class='ocrx_word' id='word_1_331' title='bbox 830 1865 926 1905; x_wconf 77' lang='lat' dir='ltr'>vulgo</span> <span class='ocrx_word' id='word_1_332' title='bbox 939 1863 1125 1893; x_wconf 81' lang='lat' dir='ltr'>assimilatur</span> <span class='ocrx_word' id='word_1_333' title='bbox 1135 1884 1144 1900; x_wconf 89' lang='lat'>‚</span> <span class='ocrx_word' id='word_1_334' title='bbox 1160 1861 1340 1892; x_wconf 81' lang='lat' dir='ltr'>discrimen.</span> <span class='ocrx_word' id='word_1_335' title='bbox 1348 1876 1394 1883; x_wconf 93' lang='lat'>—-</span> 
     </span>
     <span class='ocr_line' id='line_1_68' title="bbox 831 1906 1395 1947; baseline -0.009 -6"><span class='ocrx_word' id='word_1_336' title='bbox 831 1909 972 1942; x_wconf 81' lang='lat' dir='ltr'>AEcemis</span> <span class='ocrx_word' id='word_1_337' title='bbox 987 1908 1128 1939; x_wconf 80' lang='lat' dir='ltr'>consiliis</span> <span class='ocrx_word' id='word_1_338' title='bbox 1138 1918 1150 1938; x_wconf 88' lang='lat'>.·</span> <span class='ocrx_word' id='word_1_339' title='bbox 1164 1917 1236 1947; x_wconf 86' lang='lat' dir='ltr'>quae</span> <span class='ocrx_word' id='word_1_340' title='bbox 1251 1907 1325 1937; x_wconf 79' lang='lat' dir='ltr'>vitae</span> <span class='ocrx_word' id='word_1_341' title='bbox 1336 1906 1395 1938; x_wconf 89' lang='lat' dir='ltr'>hu-</span> 
     </span>
     <span class='ocr_line' id='line_1_69' title="bbox 830 1952 1396 1996; baseline -0.007 -10"><span class='ocrx_word' id='word_1_342' title='bbox 830 1966 932 1986; x_wconf 82' lang='lat' dir='ltr'>manae</span> <span class='ocrx_word' id='word_1_343' title='bbox 943 1956 1079 1996; x_wconf 84' lang='lat' dir='ltr'>spatium</span> <span class='ocrx_word' id='word_1_344' title='bbox 1087 1952 1292 1995; x_wconf 83' lang='lat' dir='ltr'>egrediuntur</span> <span class='ocrx_word' id='word_1_345' title='bbox 1299 1974 1309 1991; x_wconf 96' lang='lat'>,</span> <span class='ocrx_word' id='word_1_346' title='bbox 1322 1961 1396 1993; x_wconf 77' lang='lat' dir='ltr'>qua-</span> 
     </span>
     <span class='ocr_line' id='line_1_70' title="bbox 831 2000 1395 2038; baseline -0.009 -6"><span class='ocrx_word' id='word_1_347' title='bbox 831 2003 859 2032; x_wconf 82' lang='lat' dir='ltr'>si</span> <span class='ocrx_word' id='word_1_348' title='bbox 879 2009 909 2032; x_wconf 91' lang='lat' dir='ltr'>te</span> <span class='ocrx_word' id='word_1_349' title='bbox 932 2003 966 2031; x_wconf 92' lang='lat' dir='ltr'>in</span> <span class='ocrx_word' id='word_1_350' title='bbox 982 2007 1134 2031; x_wconf 84' lang='lat' dir='ltr'>aeternum</span> <span class='ocrx_word' id='word_1_351' title='bbox 1147 2000 1309 2030; x_wconf 82' lang='lat' dir='ltr'>victurum</span> <span class='ocrx_word' id='word_1_352' title='bbox 1326 2008 1395 2038; x_wconf 80' lang='lat' dir='ltr'>spe-</span> 
     </span>
     <span class='ocr_line' id='line_1_71' title="bbox 832 2043 1396 2079; baseline -0.009 -1"><span class='ocrx_word' id='word_1_353' title='bbox 832 2059 891 2079; x_wconf 86' lang='lat' dir='ltr'>res.</span> <span class='ocrx_word' id='word_1_354' title='bbox 904 2065 950 2072; x_wconf 88' lang='lat'>--</span> <span class='ocrx_word' id='word_1_355' title='bbox 962 2047 1117 2078; x_wconf 82' lang='lat' dir='ltr'>Minorem</span> <span class='ocrx_word' id='word_1_356' title='bbox 1132 2056 1144 2076; x_wconf 88' lang='lat'>.·</span> <span class='ocrx_word' id='word_1_357' title='bbox 1157 2043 1228 2075; x_wconf 73' lang='lat' dir='ltr'>cnm</span> <span class='ocrx_word' id='word_1_358' title='bbox 1245 2045 1288 2074; x_wconf 81' lang='lat' dir='ltr'>sis</span> <span class='ocrx_word' id='word_1_359' title='bbox 1299 2043 1396 2074; x_wconf 85' lang='lat' dir='ltr'>homo</span> 
     </span>
     <span class='ocr_line' id='line_1_72' title="bbox 832 2087 1396 2134; baseline -0.011 -10"><span class='ocrx_word' id='word_1_360' title='bbox 832 2095 953 2134; x_wconf 82' lang='lat' dir='ltr'>aliquot</span> <span class='ocrx_word' id='word_1_361' title='bbox 979 2093 1101 2123; x_wconf 79' lang='lat' dir='ltr'>dierum</span> <span class='ocrx_word' id='word_1_362' title='bbox 1110 2114 1120 2130; x_wconf 86' lang='lat'>‚</span> <span class='ocrx_word' id='word_1_363' title='bbox 1149 2100 1253 2131; x_wconf 85' lang='lat' dir='ltr'>neque</span> <span class='ocrx_word' id='word_1_364' title='bbox 1274 2091 1312 2120; x_wconf 81' lang='lat' dir='ltr'>in</span> <span class='ocrx_word' id='word_1_365' title='bbox 1341 2087 1396 2119; x_wconf 64' lang='lat' dir='ltr'>tua</span> 
     </span>
     <span class='ocr_line' id='line_1_73' title="bbox 832 2139 1396 2181; baseline -0.011 -11"><span class='ocrx_word' id='word_1_366' title='bbox 832 2147 985 2181; x_wconf 84' lang='lat' dir='ltr'>potestate</span> <span class='ocrx_word' id='word_1_367' title='bbox 1002 2139 1042 2169; x_wconf 85' lang='lat' dir='ltr'>sit</span> <span class='ocrx_word' id='word_1_368' title='bbox 1058 2139 1208 2172; x_wconf 71' lang='lat' dir='ltr'>immensa</span> <span class='ocrx_word' id='word_1_369' title='bbox 1219 2141 1292 2166; x_wconf 83' lang='lat' dir='ltr'>vota</span> <span class='ocrx_word' id='word_1_370' title='bbox 1302 2157 1311 2173; x_wconf 91' lang='lat'>,</span> <span class='ocrx_word' id='word_1_371' title='bbox 1327 2141 1396 2165; x_wconf 85' lang='lat' dir='ltr'>tuas</span> 
     </span>
     <span class='ocr_line' id='line_1_74' title="bbox 833 2182 1278 2226; baseline -0.011 -9"><span class='ocrx_word' id='word_1_372' title='bbox 833 2187 915 2217; x_wconf 87' lang='lat' dir='ltr'>vires</span> <span class='ocrx_word' id='word_1_373' title='bbox 929 2185 1107 2226; x_wconf 79' lang='lat' dir='ltr'>superantia</span> <span class='ocrx_word' id='word_1_374' title='bbox 1117 2207 1125 2222; x_wconf 93' lang='lat'>,</span> <span class='ocrx_word' id='word_1_375' title='bbox 1140 2182 1278 2222; x_wconf 81' lang='lat' dir='ltr'>exsequi.</span> 
     </span>
    </p>

    <p class='ocr_par' dir='ltr' id='par_1_9' title="bbox 883 2228 1397 2270">
     <span class='ocr_line' id='line_1_75' title="bbox 883 2228 1397 2270; baseline -0.014 -7"><span class='ocrx_word' id='word_1_376' title='bbox 883 2238 914 2269; x_wconf 74' lang='grc'>4.</span> <span class='ocrx_word' id='word_1_377' title='bbox 935 2230 988 2264; x_wconf 72' lang='lat' dir='ltr'>Sic</span> <span class='ocrx_word' id='word_1_378' title='bbox 1002 2230 1119 2264; x_wconf 63' lang='lat' dir='ltr'>temer&amp;</span> <span class='ocrx_word' id='word_1_379' title='bbox 1135 2241 1146 2260; x_wconf 88' lang='lat'><em>:</em></span> <span class='ocrx_word' id='word_1_380' title='bbox 1161 2235 1199 2260; x_wconf 85' lang='lat' dir='ltr'>ut</span> <span class='ocrx_word' id='word_1_381' title='bbox 1213 2228 1352 2270; x_wconf 81' lang='lat' dir='ltr'>primum</span> <span class='ocrx_word' id='word_1_382' title='bbox 1365 2236 1397 2256; x_wconf 79' lang='lat' dir='ltr'>se</span> 
     </span>
    </p>
   </div>
  </div>
 </body>
</html>
