<?xml version="1.0" encoding="UTF-8"?>
<!DOCTYPE html PUBLIC "-//W3C//DTD XHTML 1.0 Transitional//EN"
    "http://www.w3.org/TR/xhtml1/DTD/xhtml1-transitional.dtd">
<html xmlns="http://www.w3.org/1999/xhtml" xml:lang="en" lang="en">
 <head>
  <title>
</title>
<meta http-equiv="Content-Type" content="text/html;charset=utf-8" />
  <meta name='ocr-system' content='tesseract 3.04.00' />
  <meta name='ocr-capabilities' content='ocr_page ocr_carea ocr_par ocr_line ocrx_word'/>
</head>
<body>
  <div class='ocr_page' id='page_1' title='image "./quintushoratiusf01horauoft_0189.png"; bbox 0 0 1456 2508; ppageno 0'>
   <div class='ocr_carea' id='block_1_1' title="bbox 29 0 384 157">
    <p class='ocr_par' dir='ltr' id='par_1_1' title="bbox 29 0 384 157">
     <span class='ocr_line' id='line_1_1' title="bbox 29 0 384 157; baseline 0 0"><span class='ocrx_word' id='word_1_1' title='bbox 29 0 384 157; x_wconf 95' lang='lat' dir='ltr'><strong>  </strong></span> 
     </span>
    </p>
   </div>
   <div class='ocr_carea' id='block_1_2' title="bbox 503 110 844 144">
    <p class='ocr_par' dir='ltr' id='par_1_2' title="bbox 503 110 844 144">
     <span class='ocr_line' id='line_1_2' title="bbox 503 110 844 144; baseline 0.003 -1"><span class='ocrx_word' id='word_1_2' title='bbox 503 110 586 144; x_wconf 79' lang='lat' dir='ltr'><strong>m.</strong></span> <span class='ocrx_word' id='word_1_3' title='bbox 610 111 645 142; x_wconf 85' lang='lat'><strong>11</strong></span> <span class='ocrx_word' id='word_1_4' title='bbox 668 110 759 144; x_wconf 83' lang='lat' dir='ltr'><strong>ODE</strong></span> <span class='ocrx_word' id='word_1_5' title='bbox 782 111 844 144; x_wconf 85' lang='lat'>111.</span> 
     </span>
    </p>
   </div>
   <div class='ocr_carea' id='block_1_3' title="bbox 236 111 1298 284">
    <p class='ocr_par' dir='ltr' id='par_1_3' title="bbox 236 111 1298 284">
     <span class='ocr_line' id='line_1_3' title="bbox 1232 111 1298 144; baseline 0.03 -2"><span class='ocrx_word' id='word_1_6' title='bbox 1232 121 1246 142; x_wconf 90' lang='lat'>1</span> <span class='ocrx_word' id='word_1_7' title='bbox 1254 111 1298 144; x_wconf 80' lang='lat'><strong>⁵5</strong></span> 
     </span>
     <span class='ocr_line' id='line_1_4' title="bbox 236 162 858 219; baseline -0.003 -9"><span class='ocrx_word' id='word_1_8' title='bbox 236 162 439 219; x_wconf 47' lang='lat' dir='ltr'><strong>Cedffifet</strong></span> <span class='ocrx_word' id='word_1_9' title='bbox 454 170 660 208; x_wconf 86' lang='lat' dir='ltr'><strong>exstructis</strong></span> <span class='ocrx_word' id='word_1_10' title='bbox 678 171 720 208; x_wconf 88' lang='lat' dir='ltr'><strong>in</strong></span> <span class='ocrx_word' id='word_1_11' title='bbox 737 170 858 208; x_wconf 83' lang='lat' dir='ltr'><strong>altum</strong></span> 
     </span>
     <span class='ocr_line' id='line_1_5' title="bbox 289 230 1295 284; baseline -0.006 -14"><span class='ocrx_word' id='word_1_12' title='bbox 289 230 447 271; x_wconf 83' lang='lat' dir='ltr'><strong>Divitiis</strong></span> <span class='ocrx_word' id='word_1_13' title='bbox 461 232 635 284; x_wconf 83' lang='lat' dir='ltr'><strong>potietur</strong></span> <span class='ocrx_word' id='word_1_14' title='bbox 653 230 789 271; x_wconf 81' lang='lat' dir='ltr'><strong>haeres.</strong></span> <span class='ocrx_word' id='word_1_15' title='bbox 1262 249 1295 265; x_wconf 65' lang='grc' dir='ltr'><strong>,ο</strong></span> 
     </span>
    </p>
   </div>
   <div class='ocr_carea' id='block_1_4' title="bbox 100 291 1290 775">
    <p class='ocr_par' dir='ltr' id='par_1_4' title="bbox 100 291 1290 775">
     <span class='ocr_line' id='line_1_6' title="bbox 180 291 927 345; baseline -0.003 -13"><span class='ocrx_word' id='word_1_16' title='bbox 180 293 370 342; x_wconf 82' lang='lat' dir='ltr'><strong>Divesne,</strong></span> <span class='ocrx_word' id='word_1_17' title='bbox 388 294 518 345; x_wconf 83' lang='lat' dir='ltr'><strong>prisco</strong></span> <span class='ocrx_word' id='word_1_18' title='bbox 534 301 647 331; x_wconf 81' lang='lat' dir='ltr'><strong>natus</strong></span> <span class='ocrx_word' id='word_1_19' title='bbox 666 292 716 331; x_wconf 85' lang='lat' dir='ltr'><strong>ab</strong></span> <span class='ocrx_word' id='word_1_20' title='bbox 732 291 879 331; x_wconf 86' lang='lat' dir='ltr'><strong>Inacho</strong></span> <span class='ocrx_word' id='word_1_21' title='bbox 897 291 927 339; x_wconf 92' lang='lat'><strong>⁶,</strong></span> 
     </span>
     <span class='ocr_line' id='line_1_7' title="bbox 179 353 901 406; baseline -0.003 -13"><span class='ocrx_word' id='word_1_22' title='bbox 179 355 245 394; x_wconf 85' lang='lat' dir='ltr'><strong>Nil</strong></span> <span class='ocrx_word' id='word_1_23' title='bbox 262 354 440 403; x_wconf 85' lang='lat' dir='ltr'><strong>interest,</strong></span> <span class='ocrx_word' id='word_1_24' title='bbox 457 367 506 392; x_wconf 86' lang='lat' dir='ltr'><strong>an</strong></span> <span class='ocrx_word' id='word_1_25' title='bbox 523 367 691 406; x_wconf 83' lang='lat' dir='ltr'>pauper,</span> <span class='ocrx_word' id='word_1_26' title='bbox 715 363 753 392; x_wconf 89' lang='lat' dir='ltr'><strong>et</strong></span> <span class='ocrx_word' id='word_1_27' title='bbox 769 353 901 391; x_wconf 60' lang='lat' dir='ltr'><strong>infima</strong></span> 
     </span>
     <span class='ocr_line' id='line_1_8' title="bbox 232 414 826 468; baseline -0.003 -14"><span class='ocrx_word' id='word_1_28' title='bbox 232 418 293 454; x_wconf 86' lang='lat' dir='ltr'><strong>De</strong></span> <span class='ocrx_word' id='word_1_29' title='bbox 311 423 425 468; x_wconf 86' lang='lat' dir='ltr'><strong>gente</strong></span> <span class='ocrx_word' id='word_1_30' title='bbox 442 414 517 454; x_wconf 86' lang='lat' dir='ltr'><strong>sub</strong></span> <span class='ocrx_word' id='word_1_31' title='bbox 535 415 628 454; x_wconf 91' lang='lat' dir='ltr'><strong>divo</strong></span> <span class='ocrx_word' id='word_1_32' title='bbox 645 415 826 462; x_wconf 88' lang='lat' dir='ltr'><strong>moreris,</strong></span> 
     </span>
     <span class='ocr_line' id='line_1_9' title="bbox 288 475 890 516; baseline -0.007 0"><span class='ocrx_word' id='word_1_33' title='bbox 288 477 457 516; x_wconf 82' lang='lat' dir='ltr'>Victima</span> <span class='ocrx_word' id='word_1_34' title='bbox 471 477 527 515; x_wconf 83' lang='lat' dir='ltr'><strong>nil</strong></span> <span class='ocrx_word' id='word_1_35' title='bbox 545 476 763 515; x_wconf 85' lang='lat' dir='ltr'><strong>miserantis</strong></span> <span class='ocrx_word' id='word_1_36' title='bbox 784 475 890 515; x_wconf 90' lang='lat' dir='ltr'><strong>Orci.</strong></span> 
     </span>
     <span class='ocr_line' id='line_1_10' title="bbox 100 537 1290 591; baseline -0.005 -13"><span class='ocrx_word' id='word_1_37' title='bbox 100 548 110 568; x_wconf 38' lang='grc' dir='ltr'><strong>Κ</strong></span> <span class='ocrx_word' id='word_1_38' title='bbox 179 540 324 578; x_wconf 86' lang='lat' dir='ltr'>Omnes</span> <span class='ocrx_word' id='word_1_39' title='bbox 341 537 479 577; x_wconf 76' lang='lat' dir='ltr'><strong>eodem</strong></span> <span class='ocrx_word' id='word_1_40' title='bbox 498 539 691 591; x_wconf 85' lang='lat' dir='ltr'><strong>cogimur;</strong></span> <span class='ocrx_word' id='word_1_41' title='bbox 714 546 729 569; x_wconf 92' lang='lat'><strong>7</strong></span> <span class='ocrx_word' id='word_1_42' title='bbox 749 537 921 576; x_wconf 89' lang='lat' dir='ltr'><strong>omnium</strong></span> <span class='ocrx_word' id='word_1_43' title='bbox 1258 547 1290 573; x_wconf 86' lang='lat'><strong>²5</strong></span> 
     </span>
     <span class='ocr_line' id='line_1_11' title="bbox 171 601 765 652; baseline 0.003 -14"><span class='ocrx_word' id='word_1_44' title='bbox 171 603 371 639; x_wconf 68' lang='lat' dir='ltr'><strong>Versatur</strong></span> <span class='ocrx_word' id='word_1_45' title='bbox 387 603 486 639; x_wconf 59' lang='lat' dir='ltr'><strong>urna</strong></span> <span class='ocrx_word' id='word_1_46' title='bbox 504 601 626 640; x_wconf 71' lang='lat' dir='ltr'><strong>serins</strong></span> <span class='ocrx_word' id='word_1_47' title='bbox 645 603 765 652; x_wconf 68' lang='lat' dir='ltr'><strong>ocyiis</strong></span> 
     </span>
     <span class='ocr_line' id='line_1_12' title="bbox 232 661 921 710; baseline -0.003 -10"><span class='ocrx_word' id='word_1_48' title='bbox 232 663 324 700; x_wconf 88' lang='lat' dir='ltr'><strong>Sors</strong></span> <span class='ocrx_word' id='word_1_49' title='bbox 341 661 509 710; x_wconf 82' lang='lat' dir='ltr'><strong>exitura3</strong></span> <span class='ocrx_word' id='word_1_50' title='bbox 529 670 567 700; x_wconf 87' lang='lat' dir='ltr'><strong>et</strong></span> <span class='ocrx_word' id='word_1_51' title='bbox 585 674 655 700; x_wconf 86' lang='lat' dir='ltr'><strong>nos</strong></span> <span class='ocrx_word' id='word_1_52' title='bbox 674 662 714 699; x_wconf 92' lang='lat' dir='ltr'><strong>in</strong></span> <span class='ocrx_word' id='word_1_53' title='bbox 734 669 921 699; x_wconf 84' lang='lat' dir='ltr'><strong>aeternum</strong></span> 
     </span>
     <span class='ocr_line' id='line_1_13' title="bbox 283 721 906 775; baseline -0.006 -12"><span class='ocrx_word' id='word_1_54' title='bbox 283 723 477 763; x_wconf 85' lang='lat' dir='ltr'><strong>Exsilium</strong></span> <span class='ocrx_word' id='word_1_55' title='bbox 496 723 726 775; x_wconf 85' lang='lat' dir='ltr'><strong>impositura</strong></span> <span class='ocrx_word' id='word_1_56' title='bbox 744 721 906 773; x_wconf 85' lang='lat' dir='ltr'><strong>cymbae.</strong></span> 
     </span>
    </p>
   </div>
   <div class='ocr_carea' id='block_1_5' title="bbox 62 850 654 1891">
    <p class='ocr_par' dir='ltr' id='par_1_5' title="bbox 70 850 654 930">
     <span class='ocr_line' id='line_1_14' title="bbox 75 850 654 894; baseline 0.002 -12"><span class='ocrx_word' id='word_1_57' title='bbox 75 860 115 882; x_wconf 82' lang='lat'><strong>12</strong></span> <span class='ocrx_word' id='word_1_58' title='bbox 128 872 138 889; x_wconf 92' lang='lat'>,</span> <span class='ocrx_word' id='word_1_59' title='bbox 153 860 188 892; x_wconf 84' lang='lat'><strong>9.</strong></span> <span class='ocrx_word' id='word_1_60' title='bbox 204 867 252 874; x_wconf 90' lang='lat'><strong>—-</strong></span> <span class='ocrx_word' id='word_1_61' title='bbox 266 850 368 882; x_wconf 78' lang='lat' dir='ltr'><strong>Cedes</strong></span> <span class='ocrx_word' id='word_1_62' title='bbox 381 862 394 882; x_wconf 92' lang='grc'><strong>.·</strong></span> <span class='ocrx_word' id='word_1_63' title='bbox 408 861 484 883; x_wconf 86' lang='lat' dir='ltr'><strong>eum</strong></span> <span class='ocrx_word' id='word_1_64' title='bbox 506 853 541 883; x_wconf 80' lang='lat' dir='ltr'><strong>vi</strong></span> <span class='ocrx_word' id='word_1_65' title='bbox 563 862 654 894; x_wconf 85' lang='lat' dir='ltr'><strong>repe·</strong></span> 
     </span>
     <span class='ocr_line' id='line_1_15' title="bbox 70 898 164 930; baseline 0 0"><span class='ocrx_word' id='word_1_66' title='bbox 70 898 164 930; x_wconf 86' lang='lat' dir='ltr'><strong>titur.</strong></span> 
     </span>
    </p>

    <p class='ocr_par' dir='ltr' id='par_1_6' title="bbox 62 943 654 1841">
     <span class='ocr_line' id='line_1_16' title="bbox 117 943 653 989; baseline 0.004 -13"><span class='ocrx_word' id='word_1_67' title='bbox 117 945 151 977; x_wconf 87' lang='lat'><strong>6.</strong></span> <span class='ocrx_word' id='word_1_68' title='bbox 161 945 214 977; x_wconf 81' lang='lat' dir='ltr'><strong>Ab</strong></span> <span class='ocrx_word' id='word_1_69' title='bbox 223 945 349 977; x_wconf 76' lang='lat' dir='ltr'><strong>Inacho</strong></span> <span class='ocrx_word' id='word_1_70' title='bbox 360 956 372 977; x_wconf 87' lang='lat'><strong>.·</strong></span> <span class='ocrx_word' id='word_1_71' title='bbox 382 946 423 978; x_wconf 81' lang='lat' dir='ltr'><strong>ab</strong></span> <span class='ocrx_word' id='word_1_72' title='bbox 432 943 653 989; x_wconf 54' lang='lat' dir='ltr'><strong>antiquissima</strong></span> 
     </span>
     <span class='ocr_line' id='line_1_17' title="bbox 70 993 653 1035; baseline 0.002 -11"><span class='ocrx_word' id='word_1_73' title='bbox 70 993 170 1035; x_wconf 76' lang='lat' dir='ltr'><strong>stirpe</strong></span> <span class='ocrx_word' id='word_1_74' title='bbox 197 993 368 1026; x_wconf 85' lang='lat' dir='ltr'><strong>oriundus.</strong></span> <span class='ocrx_word' id='word_1_75' title='bbox 405 995 480 1026; x_wconf 83' lang='lat' dir='ltr'><strong>Fuit</strong></span> <span class='ocrx_word' id='word_1_76' title='bbox 514 994 653 1025; x_wconf 82' lang='lat' dir='ltr'><strong>Inachus</strong></span> 
     </span>
     <span class='ocr_line' id='line_1_18' title="bbox 70 1041 652 1083; baseline -0.002 -10"><span class='ocrx_word' id='word_1_77' title='bbox 70 1050 131 1073; x_wconf 80' lang='lat' dir='ltr'><strong>rex</strong></span> <span class='ocrx_word' id='word_1_78' title='bbox 157 1041 359 1083; x_wconf 78' lang='lat' dir='ltr'><strong>Argivorum</strong></span> <span class='ocrx_word' id='word_1_79' title='bbox 375 1041 412 1072; x_wconf 86' lang='lat' dir='ltr'><strong>in</strong></span> <span class='ocrx_word' id='word_1_80' title='bbox 433 1041 558 1072; x_wconf 63' lang='lat' dir='ltr'><strong>Graecii</strong></span> <span class='ocrx_word' id='word_1_81' title='bbox 569 1065 577 1081; x_wconf 90' lang='lat'><strong>‚</strong></span> <span class='ocrx_word' id='word_1_82' title='bbox 594 1042 652 1083; x_wconf 92' lang='lat' dir='ltr'><strong>qui</strong></span> 
     </span>
     <span class='ocr_line' id='line_1_19' title="bbox 71 1087 653 1130; baseline 0.003 -12"><span class='ocrx_word' id='word_1_83' title='bbox 71 1094 164 1119; x_wconf 85' lang='lat' dir='ltr'><strong>sexto</strong></span> <span class='ocrx_word' id='word_1_84' title='bbox 176 1094 252 1130; x_wconf 86' lang='lat' dir='ltr'><strong>post</strong></span> <span class='ocrx_word' id='word_1_85' title='bbox 264 1087 442 1119; x_wconf 83' lang='lat' dir='ltr'><strong>Abrahami</strong></span> <span class='ocrx_word' id='word_1_86' title='bbox 457 1089 583 1120; x_wconf 79' lang='lat' dir='ltr'><strong>obitum</strong></span> <span class='ocrx_word' id='word_1_87' title='bbox 600 1099 653 1119; x_wconf 84' lang='lat' dir='ltr'><strong>an-</strong></span> 
     </span>
     <span class='ocr_line' id='line_1_20' title="bbox 71 1135 654 1174; baseline 0.003 -9"><span class='ocrx_word' id='word_1_88' title='bbox 71 1145 133 1174; x_wconf 87' lang='lat' dir='ltr'><strong>no,</strong></span> <span class='ocrx_word' id='word_1_89' title='bbox 149 1135 223 1166; x_wconf 69' lang='lat' dir='ltr'><strong>ante</strong></span> <span class='ocrx_word' id='word_1_90' title='bbox 237 1135 358 1167; x_wconf 77' lang='lat' dir='ltr'><strong>Christi</strong></span> <span class='ocrx_word' id='word_1_91' title='bbox 373 1146 468 1167; x_wconf 82' lang='lat' dir='ltr'><strong>aeram</strong></span> <span class='ocrx_word' id='word_1_92' title='bbox 483 1137 654 1168; x_wconf 85' lang='lat' dir='ltr'><strong>millesimo</strong></span> 
     </span>
     <span class='ocr_line' id='line_1_21' title="bbox 70 1183 654 1227; baseline 0.003 -14"><span class='ocrx_word' id='word_1_93' title='bbox 70 1183 335 1225; x_wconf 83' lang='lat' dir='ltr'><strong>octingentesimo</strong></span> <span class='ocrx_word' id='word_1_94' title='bbox 387 1185 654 1227; x_wconf 80' lang='lat' dir='ltr'><strong>quinquagesimo</strong></span> 
     </span>
     <span class='ocr_line' id='line_1_22' title="bbox 70 1230 645 1274; baseline 0.005 -14"><span class='ocrx_word' id='word_1_95' title='bbox 70 1230 207 1271; x_wconf 84' lang='lat' dir='ltr'><strong>septimo</strong></span> <span class='ocrx_word' id='word_1_96' title='bbox 218 1252 228 1268; x_wconf 93' lang='lat'><strong><em>‚</em></strong></span> <span class='ocrx_word' id='word_1_97' title='bbox 241 1231 338 1273; x_wconf 82' lang='lat' dir='ltr'><strong>Argis</strong></span> <span class='ocrx_word' id='word_1_98' title='bbox 352 1230 388 1260; x_wconf 92' lang='lat' dir='ltr'><strong>in</strong></span> <span class='ocrx_word' id='word_1_99' title='bbox 406 1231 645 1274; x_wconf 84' lang='lat' dir='ltr'><strong>Peloponneso,</strong></span> 
     </span>
     <span class='ocr_line' id='line_1_23' title="bbox 62 1277 650 1321; baseline 0.007 -14"><span class='ocrx_word' id='word_1_100' title='bbox 62 1277 213 1318; x_wconf 66' lang='lat' dir='ltr'><strong>⁴primum</strong></span> <span class='ocrx_word' id='word_1_101' title='bbox 233 1278 400 1318; x_wconf 84' lang='lat' dir='ltr'><strong>omnium,</strong></span> <span class='ocrx_word' id='word_1_102' title='bbox 416 1290 559 1320; x_wconf 88' lang='lat' dir='ltr'><strong>quorum</strong></span> <span class='ocrx_word' id='word_1_103' title='bbox 581 1280 650 1321; x_wconf 87' lang='lat' dir='ltr'><strong>qui-</strong></span> 
     </span>
     <span class='ocr_line' id='line_1_24' title="bbox 69 1323 650 1369; baseline 0.005 -14"><span class='ocrx_word' id='word_1_104' title='bbox 69 1323 144 1355; x_wconf 70' lang='lat' dir='ltr'><strong>dem</strong></span> <span class='ocrx_word' id='word_1_105' title='bbox 177 1324 285 1356; x_wconf 84' lang='lat' dir='ltr'><strong>Graeci</strong></span> <span class='ocrx_word' id='word_1_106' title='bbox 328 1327 550 1366; x_wconf 86' lang='lat' dir='ltr'><strong>meminerint,</strong></span> <span class='ocrx_word' id='word_1_107' title='bbox 584 1338 650 1369; x_wconf 87' lang='lat' dir='ltr'><strong>reg-</strong></span> 
     </span>
     <span class='ocr_line' id='line_1_25' title="bbox 67 1371 649 1414; baseline 0.005 -12"><span class='ocrx_word' id='word_1_108' title='bbox 67 1381 148 1402; x_wconf 86' lang='lat' dir='ltr'><strong>num</strong></span> <span class='ocrx_word' id='word_1_109' title='bbox 164 1371 314 1403; x_wconf 81' lang='lat' dir='ltr'><strong>fundavit</strong></span> <span class='ocrx_word' id='word_1_110' title='bbox 330 1382 339 1404; x_wconf 91' lang='lat'><strong>:</strong></span> <span class='ocrx_word' id='word_1_111' title='bbox 355 1373 425 1412; x_wconf 86' lang='lat' dir='ltr'><strong>ejus</strong></span> <span class='ocrx_word' id='word_1_112' title='bbox 446 1372 513 1404; x_wconf 81' lang='lat' dir='ltr'><strong>filia</strong></span> <span class='ocrx_word' id='word_1_113' title='bbox 530 1376 567 1406; x_wconf 91' lang='lat' dir='ltr'><strong>Io</strong></span> <span class='ocrx_word' id='word_1_114' title='bbox 578 1397 587 1414; x_wconf 86' lang='lat'>‚</span> <span class='ocrx_word' id='word_1_115' title='bbox 603 1375 649 1405; x_wconf 88' lang='lat' dir='ltr'><strong>fa-</strong></span> 
     </span>
     <span class='ocr_line' id='line_1_26' title="bbox 69 1417 651 1453; baseline 0.007 -4"><span class='ocrx_word' id='word_1_116' title='bbox 69 1417 155 1450; x_wconf 75' lang='lat' dir='ltr'><strong>bulis</strong></span> <span class='ocrx_word' id='word_1_117' title='bbox 171 1418 349 1451; x_wconf 84' lang='lat' dir='ltr'><strong>decantata.</strong></span> <span class='ocrx_word' id='word_1_118' title='bbox 363 1438 412 1444; x_wconf 88' lang='lat'><strong>--</strong></span> <span class='ocrx_word' id='word_1_119' title='bbox 422 1421 486 1452; x_wconf 86' lang='lat' dir='ltr'><strong>Sub</strong></span> <span class='ocrx_word' id='word_1_120' title='bbox 499 1421 570 1453; x_wconf 74' lang='lat' dir='ltr'><strong>divo</strong></span> <span class='ocrx_word' id='word_1_121' title='bbox 586 1433 651 1452; x_wconf 84' lang='lat' dir='ltr'><strong>mo-</strong></span> 
     </span>
     <span class='ocr_line' id='line_1_27' title="bbox 69 1466 651 1500; baseline 0.007 -4"><span class='ocrx_word' id='word_1_122' title='bbox 69 1466 148 1496; x_wconf 82' lang='lat' dir='ltr'><strong>reris</strong></span> <span class='ocrx_word' id='word_1_123' title='bbox 160 1477 173 1496; x_wconf 91' lang='lat'><strong>.·</strong></span> <span class='ocrx_word' id='word_1_124' title='bbox 188 1467 240 1498; x_wconf 85' lang='lat' dir='ltr'><strong>vel</strong></span> <span class='ocrx_word' id='word_1_125' title='bbox 253 1466 308 1497; x_wconf 86' lang='lat' dir='ltr'><strong>sub</strong></span> <span class='ocrx_word' id='word_1_126' title='bbox 324 1466 380 1498; x_wconf 87' lang='lat' dir='ltr'><strong>dio</strong></span> <span class='ocrx_word' id='word_1_127' title='bbox 397 1479 408 1498; x_wconf 91' lang='lat'><strong>.·</strong></span> <span class='ocrx_word' id='word_1_128' title='bbox 425 1479 466 1499; x_wconf 88' lang='lat' dir='ltr'><strong>an</strong></span> <span class='ocrx_word' id='word_1_129' title='bbox 482 1470 570 1500; x_wconf 76' lang='lat' dir='ltr'><strong>vivas</strong></span> <span class='ocrx_word' id='word_1_130' title='bbox 583 1470 651 1500; x_wconf 89' lang='lat' dir='ltr'><strong>sine</strong></span> 
     </span>
     <span class='ocr_line' id='line_1_28' title="bbox 68 1512 653 1552; baseline 0.005 -8"><span class='ocrx_word' id='word_1_131' title='bbox 68 1512 184 1552; x_wconf 81' lang='lat' dir='ltr'><strong>domo,</strong></span> <span class='ocrx_word' id='word_1_132' title='bbox 200 1521 233 1545; x_wconf 90' lang='lat' dir='ltr'><strong>et</strong></span> <span class='ocrx_word' id='word_1_133' title='bbox 254 1513 317 1545; x_wconf 87' lang='lat' dir='ltr'><strong>sub</strong></span> <span class='ocrx_word' id='word_1_134' title='bbox 341 1515 424 1546; x_wconf 86' lang='lat' dir='ltr'><strong>coelo</strong></span> <span class='ocrx_word' id='word_1_135' title='bbox 448 1516 540 1548; x_wconf 86' lang='lat' dir='ltr'><strong>nudo</strong></span> <span class='ocrx_word' id='word_1_136' title='bbox 561 1517 653 1547; x_wconf 77' lang='lat' dir='ltr'><strong>habi-</strong></span> 
     </span>
     <span class='ocr_line' id='line_1_29' title="bbox 68 1560 651 1606; baseline 0.007 -15"><span class='ocrx_word' id='word_1_137' title='bbox 68 1567 127 1592; x_wconf 74' lang='lat' dir='ltr'><strong>tes.</strong></span> <span class='ocrx_word' id='word_1_138' title='bbox 146 1579 193 1585; x_wconf 92' lang='lat'><strong>—</strong></span> <span class='ocrx_word' id='word_1_139' title='bbox 210 1560 350 1592; x_wconf 82' lang='lat' dir='ltr'><strong>Victima</strong></span> <span class='ocrx_word' id='word_1_140' title='bbox 371 1562 449 1593; x_wconf 84' lang='lat' dir='ltr'><strong>Orci</strong></span> <span class='ocrx_word' id='word_1_141' title='bbox 462 1574 474 1594; x_wconf 91' lang='lat'><em>:</em></span> <span class='ocrx_word' id='word_1_142' title='bbox 498 1563 579 1606; x_wconf 87' lang='lat' dir='ltr'><strong>quid</strong></span> <span class='ocrx_word' id='word_1_143' title='bbox 603 1575 651 1595; x_wconf 87' lang='lat' dir='ltr'><strong>re-</strong></span> 
     </span>
     <span class='ocr_line' id='line_1_30' title="bbox 69 1607 653 1651; baseline 0.007 -13"><span class='ocrx_word' id='word_1_144' title='bbox 69 1607 150 1646; x_wconf 84' lang='lat' dir='ltr'><strong>fert,</strong></span> <span class='ocrx_word' id='word_1_145' title='bbox 165 1607 241 1639; x_wconf 76' lang='lat' dir='ltr'><strong>cnm</strong></span> <span class='ocrx_word' id='word_1_146' title='bbox 253 1619 379 1651; x_wconf 81' lang='lat' dir='ltr'><strong>pauper</strong></span> <span class='ocrx_word' id='word_1_147' title='bbox 395 1617 450 1641; x_wconf 85' lang='lat' dir='ltr'><strong>aut</strong></span> <span class='ocrx_word' id='word_1_148' title='bbox 466 1610 556 1642; x_wconf 76' lang='lat' dir='ltr'><strong>dives</strong></span> <span class='ocrx_word' id='word_1_149' title='bbox 568 1635 577 1651; x_wconf 92' lang='lat'><strong><em>‚</em></strong></span> <span class='ocrx_word' id='word_1_150' title='bbox 596 1613 653 1642; x_wconf 89' lang='lat' dir='ltr'><strong>Or-</strong></span> 
     </span>
     <span class='ocr_line' id='line_1_31' title="bbox 69 1654 652 1694; baseline 0.01 -9"><span class='ocrx_word' id='word_1_151' title='bbox 69 1665 128 1692; x_wconf 87' lang='lat' dir='ltr'><strong>co,</strong></span> <span class='ocrx_word' id='word_1_152' title='bbox 146 1654 180 1686; x_wconf 85' lang='lat' dir='ltr'><strong>id</strong></span> <span class='ocrx_word' id='word_1_153' title='bbox 206 1662 273 1694; x_wconf 85' lang='lat' dir='ltr'><strong>est,</strong></span> <span class='ocrx_word' id='word_1_154' title='bbox 297 1658 395 1688; x_wconf 84' lang='lat' dir='ltr'><strong>morti</strong></span> <span class='ocrx_word' id='word_1_155' title='bbox 411 1657 580 1690; x_wconf 80' lang='lat' dir='ltr'><strong>debearis?</strong></span> <span class='ocrx_word' id='word_1_156' title='bbox 605 1677 652 1683; x_wconf 90' lang='lat'><strong>—-</strong></span> 
     </span>
     <span class='ocr_line' id='line_1_32' title="bbox 70 1701 651 1748; baseline 0.005 -15"><span class='ocrx_word' id='word_1_157' title='bbox 70 1701 132 1733; x_wconf 80' lang='lat' dir='ltr'><strong>Nil</strong></span> <span class='ocrx_word' id='word_1_158' title='bbox 149 1702 333 1734; x_wconf 77' lang='lat' dir='ltr'><strong>miserantis</strong></span> <span class='ocrx_word' id='word_1_159' title='bbox 351 1715 363 1734; x_wconf 89' lang='lat'><strong>.·</strong></span> <span class='ocrx_word' id='word_1_160' title='bbox 386 1705 573 1748; x_wconf 83' lang='lat' dir='ltr'><strong>Nesciaque</strong></span> <span class='ocrx_word' id='word_1_161' title='bbox 594 1706 651 1736; x_wconf 81' lang='lat' dir='ltr'><strong>hu-</strong></span> 
     </span>
     <span class='ocr_line' id='line_1_33' title="bbox 72 1749 654 1791; baseline 0.012 -12"><span class='ocrx_word' id='word_1_162' title='bbox 72 1749 179 1780; x_wconf 81' lang='lat' dir='ltr'><strong>manis</strong></span> <span class='ocrx_word' id='word_1_163' title='bbox 187 1749 336 1791; x_wconf 79' lang='lat' dir='ltr'><strong>precibus</strong></span> <span class='ocrx_word' id='word_1_164' title='bbox 350 1762 574 1785; x_wconf 81' lang='lat' dir='ltr'><em>mansuescere</em></span> <span class='ocrx_word' id='word_1_165' title='bbox 586 1765 654 1786; x_wconf 85' lang='lat' dir='ltr'><strong>eor-</strong></span> 
     </span>
     <span class='ocr_line' id='line_1_34' title="bbox 73 1795 544 1841; baseline 0.011 -13"><span class='ocrx_word' id='word_1_166' title='bbox 73 1795 233 1841; x_wconf 80' lang='lat' dir='ltr'><strong>da,Virg.</strong></span> <span class='ocrx_word' id='word_1_167' title='bbox 250 1798 370 1841; x_wconf 82' lang='lat' dir='ltr'><strong>Georg.</strong></span> <span class='ocrx_word' id='word_1_168' title='bbox 388 1800 447 1837; x_wconf 81' lang='lat' dir='ltr'><strong>IV,</strong></span> <span class='ocrx_word' id='word_1_169' title='bbox 466 1806 544 1840; x_wconf 77' lang='lat'><strong>470.</strong></span> 
     </span>
    </p>

    <p class='ocr_par' dir='ltr' id='par_1_7' title="bbox 123 1846 654 1891">
     <span class='ocr_line' id='line_1_35' title="bbox 123 1846 654 1891; baseline 0.009 -16"><span class='ocrx_word' id='word_1_170' title='bbox 123 1853 154 1883; x_wconf 90' lang='lat'><strong>7.</strong></span> <span class='ocrx_word' id='word_1_171' title='bbox 194 1846 315 1877; x_wconf 80' lang='lat' dir='ltr'><em>Omnes</em></span> <span class='ocrx_word' id='word_1_172' title='bbox 346 1846 458 1878; x_wconf 67' lang='lat' dir='ltr'><strong>eodem</strong></span> <span class='ocrx_word' id='word_1_173' title='bbox 488 1848 654 1891; x_wconf 76' lang='lat' dir='ltr'><strong>cogimur:</strong></span> 
     </span>
    </p>
   </div>
   <div class='ocr_carea' id='block_1_6' title="bbox 703 849 1292 1893">
    <p class='ocr_par' dir='ltr' id='par_1_8' title="bbox 703 849 1292 1893">
     <span class='ocr_line' id='line_1_36' title="bbox 706 849 1291 893; baseline 0 -11"><span class='ocrx_word' id='word_1_174' title='bbox 706 849 856 893; x_wconf 86' lang='lat' dir='ltr'><strong>expende</strong></span> <span class='ocrx_word' id='word_1_175' title='bbox 876 856 1028 880; x_wconf 84' lang='lat' dir='ltr'><strong>ornatum</strong></span> <span class='ocrx_word' id='word_1_176' title='bbox 1053 849 1196 891; x_wconf 86' lang='lat' dir='ltr'><strong>vulgaris</strong></span> <span class='ocrx_word' id='word_1_177' title='bbox 1221 860 1291 882; x_wconf 82' lang='lat' dir='ltr'><strong>sen-</strong></span> 
     </span>
     <span class='ocr_line' id='line_1_37' title="bbox 707 896 1288 930; baseline -0.002 0"><span class='ocrx_word' id='word_1_178' title='bbox 707 899 817 930; x_wconf 84' lang='lat' dir='ltr'><strong>tentiae</strong></span> <span class='ocrx_word' id='word_1_179' title='bbox 831 907 839 930; x_wconf 73' lang='grc' dir='ltr'><strong><em>ε</em></strong></span> <span class='ocrx_word' id='word_1_180' title='bbox 854 896 1060 929; x_wconf 84' lang='lat' dir='ltr'><strong>moriendum</strong></span> <span class='ocrx_word' id='word_1_181' title='bbox 1077 904 1125 928; x_wconf 87' lang='lat' dir='ltr'><strong>est</strong></span> <span class='ocrx_word' id='word_1_182' title='bbox 1142 898 1211 928; x_wconf 85' lang='lat' dir='ltr'><strong>sine</strong></span> <span class='ocrx_word' id='word_1_183' title='bbox 1225 897 1288 929; x_wconf 78' lang='lat' dir='ltr'><strong>dis-</strong></span> 
     </span>
     <span class='ocr_line' id='line_1_38' title="bbox 708 944 1292 979; baseline 0 -2"><span class='ocrx_word' id='word_1_184' title='bbox 708 947 843 979; x_wconf 87' lang='lat' dir='ltr'><strong>crimine</strong></span> <span class='ocrx_word' id='word_1_185' title='bbox 852 945 1006 977; x_wconf 84' lang='lat' dir='ltr'><strong>omnibus</strong></span> <span class='ocrx_word' id='word_1_186' title='bbox 1011 944 1212 977; x_wconf 87' lang='lat' dir='ltr'><strong>hominibus.</strong></span> <span class='ocrx_word' id='word_1_187' title='bbox 1218 946 1292 977; x_wconf 84' lang='lat' dir='ltr'><strong>Om-</strong></span> 
     </span>
     <span class='ocr_line' id='line_1_39' title="bbox 706 991 1290 1036; baseline -0.002 -11"><span class='ocrx_word' id='word_1_188' title='bbox 706 1005 763 1025; x_wconf 86' lang='lat' dir='ltr'><strong>nes</strong></span> <span class='ocrx_word' id='word_1_189' title='bbox 783 993 896 1025; x_wconf 73' lang='lat' dir='ltr'><strong>ebdem</strong></span> <span class='ocrx_word' id='word_1_190' title='bbox 912 992 1058 1036; x_wconf 75' lang='lat' dir='ltr'><strong>cogimur</strong></span> <span class='ocrx_word' id='word_1_191' title='bbox 1068 991 1164 1023; x_wconf 57' lang='lat' dir='ltr'><strong>aureis</strong></span> <span class='ocrx_word' id='word_1_192' title='bbox 1173 994 1290 1036; x_wconf 70' lang='lat' dir='ltr'><strong>nempe</strong></span> 
     </span>
     <span class='ocr_line' id='line_1_40' title="bbox 705 1037 1289 1085; baseline 0 -12"><span class='ocrx_word' id='word_1_193' title='bbox 705 1041 795 1085; x_wconf 55' lang='lat' dir='ltr'><strong>virg&amp;</strong></span> <span class='ocrx_word' id='word_1_194' title='bbox 805 1041 962 1072; x_wconf 84' lang='lat' dir='ltr'><strong>Mercurii</strong></span> <span class='ocrx_word' id='word_1_195' title='bbox 969 1037 1184 1083; x_wconf 75' lang='grc' dir='ltr'>ψυχοπομποῦ</span> <span class='ocrx_word' id='word_1_196' title='bbox 1194 1052 1204 1080; x_wconf 83' lang='grc'>;</span> <span class='ocrx_word' id='word_1_197' title='bbox 1215 1051 1289 1084; x_wconf 85' lang='lat' dir='ltr'><strong>sup.</strong></span> 
     </span>
     <span class='ocr_line' id='line_1_41' title="bbox 708 1087 1290 1128; baseline 0 -8"><span class='ocrx_word' id='word_1_198' title='bbox 708 1091 743 1128; x_wconf 92' lang='lat'><strong>1,</strong></span> <span class='ocrx_word' id='word_1_199' title='bbox 767 1099 828 1127; x_wconf 88' lang='lat' dir='ltr'><strong>to,</strong></span> <span class='ocrx_word' id='word_1_200' title='bbox 845 1089 863 1119; x_wconf 91' lang='lat'>8</span> <span class='ocrx_word' id='word_1_201' title='bbox 879 1095 911 1119; x_wconf 92' lang='lat' dir='ltr'><strong>et</strong></span> <span class='ocrx_word' id='word_1_202' title='bbox 923 1094 986 1127; x_wconf 74' lang='lat'><strong>24,</strong></span> <span class='ocrx_word' id='word_1_203' title='bbox 1010 1087 1290 1120; x_wconf 57' lang='lat' dir='ltr'><strong>:xa—Omnium</strong></span> 
     </span>
     <span class='ocr_line' id='line_1_42' title="bbox 707 1133 1290 1177; baseline -0.002 -10"><span class='ocrx_word' id='word_1_204' title='bbox 707 1147 775 1167; x_wconf 86' lang='lat' dir='ltr'><strong>sors</strong></span> <span class='ocrx_word' id='word_1_205' title='bbox 787 1144 960 1167; x_wconf 83' lang='lat' dir='ltr'><strong>versatur:</strong></span> <span class='ocrx_word' id='word_1_206' title='bbox 975 1137 1120 1177; x_wconf 78' lang='lat' dir='ltr'><strong>quatitur</strong></span> <span class='ocrx_word' id='word_1_207' title='bbox 1134 1136 1170 1166; x_wconf 92' lang='lat' dir='ltr'><strong>in</strong></span> <span class='ocrx_word' id='word_1_208' title='bbox 1182 1133 1268 1166; x_wconf 70' lang='lat' dir='ltr'><strong>urnii</strong></span> <span class='ocrx_word' id='word_1_209' title='bbox 1275 1148 1290 1173; x_wconf 82' lang='lat'><strong>,-</strong></span> 
     </span>
     <span class='ocr_line' id='line_1_43' title="bbox 708 1181 1291 1226; baseline -0.002 -10"><span class='ocrx_word' id='word_1_210' title='bbox 708 1186 812 1226; x_wconf 80' lang='lat' dir='ltr'><strong>cogita</strong></span> <span class='ocrx_word' id='word_1_211' title='bbox 829 1183 868 1215; x_wconf 84' lang='lat' dir='ltr'><strong>de</strong></span> <span class='ocrx_word' id='word_1_212' title='bbox 891 1182 974 1214; x_wconf 65' lang='lat' dir='ltr'><strong>urnii</strong></span> <span class='ocrx_word' id='word_1_213' title='bbox 998 1181 1053 1214; x_wconf 59' lang='lat' dir='ltr'><strong>ina</strong></span> <span class='ocrx_word' id='word_1_214' title='bbox 1067 1183 1173 1223; x_wconf 82' lang='lat' dir='ltr'><strong>fatali,</strong></span> <span class='ocrx_word' id='word_1_215' title='bbox 1191 1193 1291 1225; x_wconf 83' lang='lat' dir='ltr'><strong>quam</strong></span> 
     </span>
     <span class='ocr_line' id='line_1_44' title="bbox 703 1228 1290 1264; baseline -0.002 0"><span class='ocrx_word' id='word_1_216' title='bbox 703 1228 887 1264; x_wconf 80' lang='lat' dir='ltr'><strong>Necessitas</strong></span> <span class='ocrx_word' id='word_1_217' title='bbox 914 1241 954 1262; x_wconf 83' lang='lat' dir='ltr'><strong>eo</strong></span> <span class='ocrx_word' id='word_1_218' title='bbox 979 1230 1116 1262; x_wconf 86' lang='lat' dir='ltr'><strong>consilio</strong></span> <span class='ocrx_word' id='word_1_219' title='bbox 1137 1231 1175 1261; x_wconf 90' lang='lat' dir='ltr'><strong>in</strong></span> <span class='ocrx_word' id='word_1_220' title='bbox 1199 1233 1290 1263; x_wconf 85' lang='lat' dir='ltr'><strong>Orco</strong></span> 
     </span>
     <span class='ocr_line' id='line_1_45' title="bbox 703 1276 1286 1321; baseline -0.002 -10"><span class='ocrx_word' id='word_1_221' title='bbox 703 1290 830 1311; x_wconf 82' lang='lat' dir='ltr'><strong>versare</strong></span> <span class='ocrx_word' id='word_1_222' title='bbox 841 1286 937 1321; x_wconf 85' lang='lat' dir='ltr'><strong>atque</strong></span> <span class='ocrx_word' id='word_1_223' title='bbox 947 1285 1122 1309; x_wconf 80' lang='lat' dir='ltr'><strong>concutere</strong></span> <span class='ocrx_word' id='word_1_224' title='bbox 1134 1276 1286 1321; x_wconf 84' lang='lat' dir='ltr'><strong>fingitur,</strong></span> 
     </span>
     <span class='ocr_line' id='line_1_46' title="bbox 703 1325 1289 1368; baseline -0.003 -10"><span class='ocrx_word' id='word_1_225' title='bbox 703 1335 752 1366; x_wconf 88' lang='lat' dir='ltr'><strong>ut,</strong></span> <span class='ocrx_word' id='word_1_226' title='bbox 758 1328 810 1367; x_wconf 87' lang='lat' dir='ltr'><strong>cuj</strong></span> <span class='ocrx_word' id='word_1_227' title='bbox 814 1337 982 1368; x_wconf 87' lang='lat' dir='ltr'><strong>uscunque</strong></span> <span class='ocrx_word' id='word_1_228' title='bbox 988 1325 1129 1357; x_wconf 88' lang='lat' dir='ltr'><strong>hominis</strong></span> <span class='ocrx_word' id='word_1_229' title='bbox 1136 1336 1206 1357; x_wconf 81' lang='lat' dir='ltr'><strong>sors</strong></span> <span class='ocrx_word' id='word_1_230' title='bbox 1210 1325 1289 1357; x_wconf 66' lang='lat' dir='ltr'><strong>indi:</strong></span> 
     </span>
     <span class='ocr_line' id='line_1_47' title="bbox 707 1373 1288 1414; baseline -0.003 -8"><span class='ocrx_word' id='word_1_231' title='bbox 707 1375 852 1414; x_wconf 82' lang='lat' dir='ltr'><strong>exsiliat,</strong></span> <span class='ocrx_word' id='word_1_232' title='bbox 880 1374 910 1405; x_wconf 87' lang='lat' dir='ltr'><strong>ei</strong></span> <span class='ocrx_word' id='word_1_233' title='bbox 931 1373 1138 1404; x_wconf 88' lang='lat' dir='ltr'><strong>moriendum</strong></span> <span class='ocrx_word' id='word_1_234' title='bbox 1161 1373 1212 1405; x_wconf 85' lang='lat' dir='ltr'><strong>sit.</strong></span> <span class='ocrx_word' id='word_1_235' title='bbox 1235 1374 1288 1406; x_wconf 86' lang='lat' dir='ltr'><strong>Sic</strong></span> 
     </span>
     <span class='ocr_line' id='line_1_48' title="bbox 706 1419 1289 1463; baseline -0.005 -9"><span class='ocrx_word' id='word_1_236' title='bbox 706 1423 782 1454; x_wconf 83' lang='lat' dir='ltr'><strong>infr.</strong></span> <span class='ocrx_word' id='word_1_237' title='bbox 807 1423 858 1453; x_wconf 91' lang='lat'><strong>111</strong></span> <span class='ocrx_word' id='word_1_238' title='bbox 868 1444 877 1460; x_wconf 88' lang='lat'>‚</span> <span class='ocrx_word' id='word_1_239' title='bbox 899 1432 914 1452; x_wconf 91' lang='lat'>1</span> <span class='ocrx_word' id='word_1_240' title='bbox 925 1443 934 1460; x_wconf 91' lang='lat'><strong>,</strong></span> <span class='ocrx_word' id='word_1_241' title='bbox 963 1427 1005 1458; x_wconf 76' lang='lat'><strong>14</strong></span> <span class='ocrx_word' id='word_1_242' title='bbox 1031 1428 1064 1452; x_wconf 91' lang='lat' dir='ltr'><strong>et</strong></span> <span class='ocrx_word' id='word_1_243' title='bbox 1083 1432 1151 1463; x_wconf 85' lang='lat' dir='ltr'><strong>seq.</strong></span> <span class='ocrx_word' id='word_1_244' title='bbox 1175 1419 1289 1463; x_wconf 74' lang='lat' dir='ltr'><strong>AEquc‘z‘</strong></span> 
     </span>
     <span class='ocr_line' id='line_1_49' title="bbox 706 1467 1290 1514; baseline -0.005 -13"><span class='ocrx_word' id='word_1_245' title='bbox 706 1470 778 1514; x_wconf 84' lang='lat' dir='ltr'><strong>Iege</strong></span> <span class='ocrx_word' id='word_1_246' title='bbox 804 1467 990 1500; x_wconf 81' lang='lat' dir='ltr'><strong>Necessitas</strong></span> <span class='ocrx_word' id='word_1_247' title='bbox 1020 1468 1158 1500; x_wconf 82' lang='lat' dir='ltr'><strong>Sortitur</strong></span> <span class='ocrx_word' id='word_1_248' title='bbox 1189 1467 1290 1512; x_wconf 78' lang='lat' dir='ltr'><strong>insig-</strong></span> 
     </span>
     <span class='ocr_line' id='line_1_50' title="bbox 706 1516 1291 1558; baseline 0 -10"><span class='ocrx_word' id='word_1_249' title='bbox 706 1528 763 1548; x_wconf 87' lang='lat' dir='ltr'><strong>nes</strong></span> <span class='ocrx_word' id='word_1_250' title='bbox 775 1524 807 1548; x_wconf 88' lang='lat' dir='ltr'><strong>et</strong></span> <span class='ocrx_word' id='word_1_251' title='bbox 818 1516 901 1547; x_wconf 87' lang='lat' dir='ltr'><strong>imos</strong></span> <span class='ocrx_word' id='word_1_252' title='bbox 907 1529 920 1554; x_wconf 91' lang='lat'><em>;</em></span> <span class='ocrx_word' id='word_1_253' title='bbox 935 1517 1042 1547; x_wconf 86' lang='lat' dir='ltr'><strong>Omne</strong></span> <span class='ocrx_word' id='word_1_254' title='bbox 1057 1526 1169 1558; x_wconf 65' lang='lat' dir='ltr'><strong>capax</strong></span> <span class='ocrx_word' id='word_1_255' title='bbox 1185 1524 1291 1548; x_wconf 73' lang='lat' dir='ltr'><strong>movet</strong></span> 
     </span>
     <span class='ocr_line' id='line_1_51' title="bbox 706 1563 1289 1596; baseline 0.002 -1"><span class='ocrx_word' id='word_1_256' title='bbox 706 1576 790 1595; x_wconf 84' lang='lat' dir='ltr'><strong>urna</strong></span> <span class='ocrx_word' id='word_1_257' title='bbox 806 1575 939 1596; x_wconf 87' lang='lat' dir='ltr'><strong>nomen.</strong></span> <span class='ocrx_word' id='word_1_258' title='bbox 956 1581 1002 1588; x_wconf 55' lang='grc' dir='ltr'><strong>ν-</strong></span> <span class='ocrx_word' id='word_1_259' title='bbox 1013 1564 1158 1595; x_wconf 73' lang='lat' dir='ltr'><strong>Exitum</strong></span> <span class='ocrx_word' id='word_1_260' title='bbox 1170 1574 1182 1594; x_wconf 94' lang='lat'><strong>.·</strong></span> <span class='ocrx_word' id='word_1_261' title='bbox 1197 1563 1289 1596; x_wconf 76' lang='lat' dir='ltr'><strong>exire</strong></span> 
     </span>
     <span class='ocr_line' id='line_1_52' title="bbox 705 1611 1290 1654; baseline 0 -11"><span class='ocrx_word' id='word_1_262' title='bbox 705 1613 838 1654; x_wconf 74' lang='lat' dir='ltr'><strong>proprie</strong></span> <span class='ocrx_word' id='word_1_263' title='bbox 861 1612 901 1643; x_wconf 88' lang='lat' dir='ltr'><strong>de</strong></span> <span class='ocrx_word' id='word_1_264' title='bbox 925 1611 1086 1650; x_wconf 82' lang='lat' dir='ltr'><strong>sortibus,</strong></span> <span class='ocrx_word' id='word_1_265' title='bbox 1103 1621 1177 1654; x_wconf 86' lang='lat' dir='ltr'><strong>quae</strong></span> <span class='ocrx_word' id='word_1_266' title='bbox 1202 1613 1290 1643; x_wconf 82' lang='lat' dir='ltr'><strong>exci-</strong></span> 
     </span>
     <span class='ocr_line' id='line_1_53' title="bbox 706 1659 1289 1701; baseline 0 -11"><span class='ocrx_word' id='word_1_267' title='bbox 706 1659 790 1690; x_wconf 86' lang='lat' dir='ltr'><strong>dunt</strong></span> <span class='ocrx_word' id='word_1_268' title='bbox 804 1683 813 1699; x_wconf 88' lang='lat'><strong>,</strong></span> <span class='ocrx_word' id='word_1_269' title='bbox 832 1659 886 1690; x_wconf 76' lang='lat' dir='ltr'><strong>vel</strong></span> <span class='ocrx_word' id='word_1_270' title='bbox 910 1659 1076 1690; x_wconf 82' lang='lat' dir='ltr'><strong>exsiliunt.</strong></span> <span class='ocrx_word' id='word_1_271' title='bbox 1091 1676 1139 1683; x_wconf 87' lang='lat'><strong>-—</strong></span> <span class='ocrx_word' id='word_1_272' title='bbox 1154 1659 1289 1701; x_wconf 83' lang='lat' dir='ltr'><strong>Imposi-</strong></span> 
     </span>
     <span class='ocr_line' id='line_1_54' title="bbox 707 1705 1287 1748; baseline 0.002 -11"><span class='ocrx_word' id='word_1_273' title='bbox 707 1714 780 1737; x_wconf 78' lang='lat' dir='ltr'><strong>tura</strong></span> <span class='ocrx_word' id='word_1_274' title='bbox 808 1706 933 1748; x_wconf 69' lang='lat' dir='ltr'><strong>cymba*</strong></span> <span class='ocrx_word' id='word_1_275' title='bbox 948 1717 961 1736; x_wconf 88' lang='lat'><strong>.·</strong></span> <span class='ocrx_word' id='word_1_276' title='bbox 977 1717 1022 1738; x_wconf 87' lang='lat' dir='ltr'><strong>sc.</strong></span> <span class='ocrx_word' id='word_1_277' title='bbox 1049 1705 1238 1746; x_wconf 75' lang='lat' dir='ltr'><strong>charontis,</strong></span> <span class='ocrx_word' id='word_1_278' title='bbox 1253 1707 1287 1738; x_wconf 88' lang='lat' dir='ltr'><strong>in</strong></span> 
     </span>
     <span class='ocr_line' id='line_1_55' title="bbox 707 1753 1288 1791; baseline 0 -5"><span class='ocrx_word' id='word_1_279' title='bbox 707 1762 864 1786; x_wconf 79' lang='lat' dir='ltr'><strong>oeteruum</strong></span> <span class='ocrx_word' id='word_1_280' title='bbox 895 1753 1045 1785; x_wconf 74' lang='lat' dir='ltr'><strong>exsilium</strong></span> <span class='ocrx_word' id='word_1_281' title='bbox 1055 1777 1066 1791; x_wconf 84' lang='lat'><strong>,</strong></span> <span class='ocrx_word' id='word_1_282' title='bbox 1100 1761 1140 1786; x_wconf 88' lang='lat' dir='ltr'><strong>ut</strong></span> <span class='ocrx_word' id='word_1_283' title='bbox 1177 1754 1288 1787; x_wconf 75' lang='lat' dir='ltr'><strong>aveha-</strong></span> 
     </span>
     <span class='ocr_line' id='line_1_56' title="bbox 708 1801 1286 1845; baseline 0 -12"><span class='ocrx_word' id='word_1_284' title='bbox 708 1813 784 1833; x_wconf 89' lang='lat' dir='ltr'><strong>mur</strong></span> <span class='ocrx_word' id='word_1_285' title='bbox 809 1801 903 1839; x_wconf 75' lang='lat' dir='ltr'><strong>illuc,</strong></span> <span class='ocrx_word' id='word_1_286' title='bbox 934 1802 1019 1833; x_wconf 73' lang='lat' dir='ltr'><strong>unde¹</strong></span> <span class='ocrx_word' id='word_1_287' title='bbox 1043 1801 1182 1845; x_wconf 82' lang='lat' dir='ltr'><strong>(Catull.</strong></span> <span class='ocrx_word' id='word_1_288' title='bbox 1216 1803 1267 1834; x_wconf 91' lang='grc' dir='ltr'><strong>ΙΙΙ</strong></span> <span class='ocrx_word' id='word_1_289' title='bbox 1277 1826 1286 1841; x_wconf 88' lang='grc'>,</span> 
     </span>
     <span class='ocr_line' id='line_1_57' title="bbox 713 1848 1286 1893; baseline 0 -11"><span class='ocrx_word' id='word_1_290' title='bbox 713 1848 775 1892; x_wconf 81' lang='lat'><strong>12)</strong></span> <span class='ocrx_word' id='word_1_291' title='bbox 804 1856 929 1893; x_wconf 75' lang='lat' dir='ltr'><strong>negant</strong></span> <span class='ocrx_word' id='word_1_292' title='bbox 952 1849 1058 1881; x_wconf 84' lang='lat' dir='ltr'><strong>redire</strong></span> <span class='ocrx_word' id='word_1_293' title='bbox 1079 1860 1286 1893; x_wconf 80' lang='lat' dir='ltr'><strong>quemquam.</strong></span> 
     </span>
    </p>
   </div>
   <div class='ocr_carea' id='block_1_7' title="bbox 406 2143 954 2177">
    <p class='ocr_par' dir='ltr' id='par_1_9' title="bbox 406 2143 954 2177">
     <span class='ocr_line' id='line_1_58' title="bbox 406 2143 954 2177; baseline -0.009 0"><span class='ocrx_word' id='word_1_294' title='bbox 406 2143 954 2177; x_wconf 48' lang='grc' dir='ltr'>ψ</span> 
     </span>
    </p>
   </div>
  </div>
 </body>
</html>
