1456 2508
195 134 238 171 46

585 135 626 174 Q.
651 133 833 164 nonATn
859 134 1009 167 numm

297 193 375 229 Aut
394 190 585 241 Ephesum
601 190 628 237 4,
647 190 852 229 bimarisve
871 191 1045 230 Corinthi
1059 191 1074 216 ⁵

193 251 352 298 Moenia,
367 252 429 289 vel
447 251 595 288 Baccho
612 251 763 289 Thebas
780 251 807 299 ⁶,
826 252 887 289 vel
905 252 1082 303 Apolline
1097 251 1265 303 Delphos
1284 259 1298 282 ⁷

296 313 482 362 Insignes‚
502 320 567 349 aut
583 312 760 351 Thessala
775 316 915 364 Tempe
933 315 960 349 8.

192 374 288 410 Slmt
307 372 446 422 quibus
466 386 584 410 unum
604 387 699 424 opus
719 384 792 420 est,
811 375 960 413 intactae
977 373 1136 412 Palladis
1155 385 1258 412 arces
1277 380 1291 403 ⁹
1358 382 1374 407 ⁵

295 432 470 469 Carmine
488 440 712 483 perpetuo¹0
730 434 941 482 celebrare,
961 443 998 472 et

190 491 370 542 Undique
388 493 575 542 decerptae
595 494 719 531 frondi
739 508 960 545 praeponere
980 496 1162 535 olivamu

293 553 482 590 Plurimus
501 553 541 590 in
559 557 580 591 J
584 555 717 591 unonis
735 554 920 594 honorem

236 675 267 705 4.
286 669 467 710 Ephesum;
489 670 683 700 nobilissima
702 674 753 702 Io-

188 716 248 746 niae
258 738 267 753 ‚
281 716 315 745 in
329 715 403 746 Asia
417 717 560 754 Minore,
575 718 685 747 civitas
697 725 753 755 est,

187 760 497 803 magnificentissimo
514 764 623 793 Dianae
636 764 755 804 templo

187 808 353 839 celebrata.

236 854 267 885 5.
296 853 470 885 Rimarisve
503 854 648 886 Corinthi
676 857 754 886 Moe-

188 900 245 931 nia
251 912 264 938 ‚·
281 901 471 939 Corinthus,
496 902 602 942 prisco
622 903 753 933 nomine

186 947 332 989 Ephyra,
359 947 511 978 isthmum
538 955 674 990 occupat
699 950 755 990 qui

187 993 251 1024 duo
269 993 390 1030 maria,
408 996 548 1036 AEgaeum
565 995 633 1026 scil.
653 1002 685 1026 et
702 997 754 1026 Io-

188 1041 298 1078 nium,
324 1041 365 1070 ab
388 1051 502 1070 occasu
528 1049 559 1071 et
582 1049 650 1071 ortu
678 1042 755 1072 solis

178 1085 340 1130 finitima,
358 1086 611 1128 arctisfaucibus
625 1087 754 1120 dirimit.

187 1133 295 1163 Livius
323 1135 421 1164 XLV.
455 1134 506 1164 Sic
541 1133 636 1165 Ovid.
671 1136 752 1166 Fast.

186 1181 245 1216 lv,
268 1180 330 1211 501
357 1190 366 1211 ε
399 1179 655 1222 Hadriacumque
689 1192 753 1221 pa-

186 1233 256 1256 tens
285 1226 367 1263 lace,
392 1225 608 1268 bimaremque
641 1226 752 1258 Corin-

185 1271 286 1303 ellum.

232 1319 264 1349 6.
282 1318 411 1349 Baccho
435 1318 557 1349 Thebas
566 1330 580 1356 ,·
598 1319 716 1351 Thebae
734 1320 752 1351 ἐι

186 1364 305 1397 Cadmo
318 1366 353 1395 in
365 1364 486 1396 Boeotia
499 1364 661 1396 aedificatae
670 1389 678 1404 ,
695 1377 752 1396 cu-

182 1413 234 1451 jus
252 1411 318 1442 filia
333 1412 452 1443 Semele
474 1411 632 1443 Bacchum
655 1423 751 1454 pepe-

185 1458 227 1487 rit
242 1469 283 1488 ex
299 1460 319 1488 J
322 1459 390 1488 ovis
407 1458 593 1499 complexu,
617 1458 750 1495 Bacchi,

184 1504 328 1542 Pindari,
340 1504 514 1545 Pelopidae,
525 1504 751 1546 Epaminondae

182 1551 295 1591 patria.

233 1607 263 1634 7.
299 1596 360 1627 Vel
390 1595 544 1637 Apolline
583 1596 750 1637 Delphos·
738 1620 747 1633 ‚

183 1643 316 1684 Delphi,
337 1642 486 1673 Phocidis
505 1643 630 1680 civitas,
650 1643 750 1683 prope

184 1689 538 1740 Parnassumhtemplo
563 1695 594 1719 et
618 1689 749 1720 oraculo

183 1735 344 1776 Apollinis
362 1735 563 1775 percelebris,

230 1782 261 1812 8.
280 1780 433 1811 Thessala
449 1783 581 1822 Tempe,
602 1780 748 1824 Τέμπεα,

180 1838 210 1862 η.
234 1827 340 1858 Valles
356 1828 391 1857 in
406 1827 565 1858 Thessalia
580 1829 751 1858 amoenissi-

181 1883 257 1912 mae,
273 1873 312 1904 ad
325 1876 466 1904 Peneum
479 1884 613 1905 amnem.
629 1875 672 1904 Ea
684 1884 750 1904 vox

185 1922 318 1961 Tempe,
331 1921 476 1950 neutrius
490 1921 626 1962 generis,
638 1926 670 1950 et
681 1920 750 1961 plu-

181 1967 255 1997 ralia
269 1967 411 2004 numeri,
428 1967 463 1996 in
476 1965 610 2007 utrinque
621 1965 746 2008 lingua,

181 2013 335 2054 singulari
353 2020 448 2044 caret.

230 2070 263 2100 9.
292 2060 428 2090 Ineaceae
460 2058 609 2089 Palladis
640 2068 748 2094 arces,-

183 2105 340 2144 Afflenas,
365 2104 497 2142 Palladi,
520 2106 674 2135 Minervae
699 2105 750 2135 in-

182 2158 290 2190 tactae,
311 2152 345 2182 id
371 2158 418 2182 est
446 2152 578 2193 virgini,
602 2161 714 2182 sacras.

230 2209 283 2230 ιο.
313 2198 464 2229 Carmine
483 2204 663 2239 perpetuo:
683 2207 750 2227 car-

180 2253 255 2276 men
275 2245 442 2286 intelligit,
464 2243 551 2286 quod
567 2244 748 2275 universam

805 673 1045 705 Atheniensium
1072 683 1178 703 rerum
1199 673 1328 712 seriem,
1355 672 1373 702 a

808 720 908 761 primii
927 721 1048 762 origine
1059 742 1068 757 ‚
1084 719 1151 750 scil.
1169 718 1186 749 a
1205 719 1373 750 certamine

807 769 950 808 Neptuni
969 773 1000 798 et
1017 766 1189 803 Minervae,
1215 764 1254 795 ad
1275 764 1374 795 histo-

807 815 886 844 riam
901 814 1002 855 usque
1017 818 1207 844 coaetaneam
1220 811 1374 852 complec-

807 867 902 891 tatur.
923 859 1044 891 Eodem
1063 869 1174 896 sensu,
1197 857 1291 889 Ovid.
1305 858 1373 888 Me-

806 913 880 938 tam.
896 908 928 945 1,
954 907 997 938 5:
1018 905 1075 936 Ad
1096 914 1168 935 mea
1185 910 1372 945 perpetuum

806 953 951 984 deducite
966 961 1110 994 tempora
1125 961 1267 981 carmen.

857 1011 870 1031 1
884 1011 910 1031 1.
929 998 1076 1040 Undique
1089 997 1246 1037 decerptae
1257 995 1373 1037 finndi

800 1057 989 1088 proeponere
1014 1044 1139 1076 olivam.
1169 1040 1315 1083 Longum
1341 1049 1372 1072 et

808 1093 931 1124 mature
964 1090 1138 1123 attendenti
1169 1089 1276 1130 potior
1306 1088 1371 1118 visa

807 1146 853 1169 est
866 1139 932 1170 haec
949 1138 1061 1176 lectio,
1080 1145 1174 1177 qnam
1194 1133 1371 1167 Juvencius

805 1196 872 1216 non
889 1186 1027 1226 respuit,
1043 1192 1113 1225 qnae
1128 1181 1274 1212 seductis
1288 1182 1372 1211 Hen-

804 1233 843 1262 sii
855 1239 887 1262 et
900 1231 1039 1262 Dacierii
1053 1228 1237 1260 nominibus
1250 1233 1370 1257 tuetur.

803 1278 962 1310 Nonnulli
985 1278 1121 1319 legunt:
1147 1272 1294 1314 Undique
1318 1271 1372 1303 de-

804 1332 945 1366 cerptam
967 1322 1078 1378 fronti
1099 1330 1287 1362 proeponere
1314 1318 1372 1349 oli-

804 1381 894 1407 vam;
908 1378 939 1401 et
951 1372 996 1401 sic
1008 1371 1276 1410 interpretantur.
1269 1364 1373 1407 :fion-

803 1416 830 1447 ti
842 1427 907 1447 suoe
922 1417 1085 1458 imponere
1098 1412 1213 1444 olivam
1233 1409 1373 1453 undique

803 1463 1002 1503 decerptam,
1019 1460 1111 1503 qnia,
1126 1466 1164 1490 ut
1181 1459 1288 1496 aiunt,
1303 1467 1372 1488 mos

805 1516 871 1539 erat
897 1510 1000 1550 poetis
1023 1509 1058 1538 in
1082 1505 1251 1547 publicum
1273 1503 1371 1544 prod·

805 1555 955 1585 euntibus
969 1553 1117 1596 praeferre
1133 1551 1205 1582 ante
1219 1560 1252 1580 se
1265 1555 1322 1579 aut
1337 1551 1371 1579 in

805 1602 906 1641 capite
925 1610 1075 1631 coronam
1099 1607 1217 1628 sacram
1238 1595 1299 1626 deo
1316 1606 1371 1626 cn-

801 1647 853 1685 jus
875 1646 984 1677 laudes
1008 1643 1221 1676 celebrabant.
1239 1641 1287 1672 Ita
1310 1642 1370 1678 sit3

802 1692 881 1733 quid
905 1693 945 1722 ad
968 1702 1034 1722 rem
1049 1690 1117 1721 haec
1133 1689 1252 1719 verba?
1270 1687 1370 1718 Undi-

803 1738 864 1779 que‘
878 1738 1077 1779 decerptam,
1099 1736 1188 1777 quasi
1211 1734 1304 1765 olivae
1319 1743 1369 1764 ra-

802 1795 871 1815 mos
898 1791 929 1815 et
953 1784 1028 1815 folia
1055 1782 1236 1823 decerptori
1255 1777 1319 1810 huc
1339 1786 1371 1810 et

802 1828 881 1860 illuc
907 1837 1106 1872 vagarentur.
1130 1829 1241 1868 Neque
1263 1824 1370 1856 miuus

803 1884 960 1918 repugnat
974 1876 1062 1918 quod
1083 1885 1141 1916 per
1147 1896 1156 1912 ‚
1167 1871 1274 1916 fronti
1282 1882 1368 1913 pm-

796 1933 931 1963 ponere,
937 1922 1132 1976 intelligant,
1143 1919 1306 1974 imponere
1316 1928 1369 1948 ca-

795 1969 874 2009 piti,
893 1969 984 2007 cujus
999 1966 1268 2008 interpretationis
1281 1963 1370 1994 verbi

795 2023 999 2056 pra-ponere,
1019 2014 1146 2044 nullum
1162 2011 1249 2042 aliud
1264 2020 1370 2041 exem-

799 2062 890 2102 plum
906 2061 1038 2091 omnino
1054 2059 1192 2100 reperire
1209 2063 1267 2088 eat.

848 2107 1088 2138 Absurditatem
1105 2109 1293 2140 senserunt,
1310 2102 1369 2132 sal-

802 2159 864 2183 tem
878 2154 914 2184 in
927 2160 1033 2195 parte,
1049 2150 1242 2183 recentium
1253 2147 1365 2180 Horat.

800 2199 988 2254 interpretes
1009 2195 1228 2231 Mitseherlich
1247 2202 1280 2226 et
1295 2196 1366 2225 Dae-

801 2246 1012 2288 ring.1taque
1026 2252 1166 2283 textum,
1177 2240 1289 2275 'eontra
1303 2250 1367 2271 om-
