1456 2508
513 102 592 134 Lm.
616 102 668 133 111
690 101 780 134 ODE
802 101 897 134 XIX.

425 164 589 209 Narras,
605 170 644 200 et
661 173 782 212 genus
796 160 903 198 AEaci
914 189 925 207 ,

1254 111 1320 143 ²97

213 227 261 264 Et
278 229 449 276 pugnata
467 236 582 262 sacro
602 222 705 261 bella
721 222 795 260 sub
814 221 912 269 Ilio;

427 276 516 332 Quo
532 283 671 322 Chium
690 285 818 335 pretio
837 282 976 322 cadum
994 292 1009 307 ²
1311 295 1325 319 5

212 350 442 395 Mercemur,
458 346 544 397 quis
560 358 700 396 aquam
719 353 908 396 temperet
922 343 1096 396 ignibus,

428 409 518 454 Quo
535 405 732 458 praebente
752 406 929 454 domum,
950 414 988 444 et
1007 407 1127 457 quota

217 468 380 521 Pelignis
396 480 547 506 caream
568 467 798 518 frigoribus,
822 475 937 505 taces.

408 526 412 530 ’
430 531 490 566 Da
508 532 626 567 Lunae
647 528 813 579 propere
830 541 942 565 novae
960 528 987 576 ³,

218 592 276 628 Da
295 588 428 630 Noctis
447 589 582 627 mediae
595 617 606 639 ‚
625 588 691 637 da,
713 601 831 639 pucr,
851 589 1007 640 auguris
1293 610 1323 626 ιο

110 731 194 761 tium
224 726 300 759 cum
335 726 486 758 historice
539 734 689 758 tractaret

111 775 289 818 Telephus,
305 785 375 806 non
397 775 518 805 mirum
551 785 626 805 eum
653 776 689 805 in

110 823 202 854 seriis
217 828 409 864 occupatum
420 844 428 859 ,
440 819 547 851 minus
562 832 690 863 promp-

113 878 182 902 tum
195 869 290 900 fuisse
298 870 333 900 in
342 867 531 910 peragendis
539 879 613 899 cum
623 870 691 899 Ho-

110 918 194 949 ratio
201 916 374 948 nocturnis
381 915 688 956 compotationibus.

110 981 160 989 —-
169 960 351 1005 &patriti
366 973 431 993 non
445 962 576 993 timidus
586 962 668 993 mori
677 974 689 994 .·

111 1018 186 1044 orto
196 1011 282 1042 inter
290 1010 463 1042 Dorienses
473 1017 504 1040 et
514 1009 691 1041 Athenien-

112 1069 161 1090 ses
175 1057 262 1089 bello
271 1080 280 1096 ,
295 1067 485 1099 responsum
502 1056 542 1086 ab
557 1057 690 1088 oraculo

112 1105 234 1142 fuerat,
249 1115 304 1136 eos
316 1101 496 1145 superiores
513 1103 581 1134 fore
591 1127 600 1143 ,
617 1115 696 1146 quo-

111 1159 186 1184 rum
209 1151 279 1182 dux
307 1151 342 1182 iu
357 1151 424 1181 acie
446 1150 620 1182 cecidisset.
638 1152 696 1183 Co-

113 1199 191 1231 drus
214 1199 356 1230 hostium
375 1208 488 1240 agmen
513 1199 673 1241 ingressus
683 1223 692 1237 ‚

113 1245 240 1288 sumpti
278 1244 430 1288 pastorali
478 1252 564 1276 veste
575 1269 584 1284 ,
615 1244 693 1277 diun

111 1295 216 1326 rixam
245 1303 320 1324 cum
347 1293 492 1335 gregario
515 1294 622 1330 vmilite
653 1294 693 1326 de

111 1339 271 1372 industria
288 1347 416 1379 movet,
432 1340 472 1371 ah
494 1351 533 1372 eo
546 1341 694 1373 iuterfec-

114 1395 166 1421 ωε
181 1395 239 1420 est.
263 1387 311 1419 Ita
330 1388 397 1418 suis
412 1389 583 1420 victoriam
600 1400 693 1432 pepe-

114 1435 168 1467 rit.
184 1452 230 1459 —
243 1436 288 1466 Et
297 1445 403 1478 genus
421 1435 520 1467 AEaci
531 1447 543 1466 ,·
557 1438 577 1468 J
579 1448 671 1467 ovem
683 1460 691 1476 ‚

114 1483 258 1520 utacum,
274 1481 416 1520 Peleum,
426 1483 598 1522 Achillem,
611 1486 692 1526 Pyr-

115 1528 222 1561 rhum.
231 1547 281 1553 —-
290 1529 390 1559 Sacro
398 1529 454 1559 sub
467 1530 530 1561 Ilio
540 1541 552 1560 .·
567 1541 691 1562 sacrum

114 1581 209 1608 vocat
221 1577 318 1608 Ilium
330 1598 340 1614 ‚
356 1577 448 1616 cujus
468 1579 555 1608 muri
572 1576 590 1608 a
606 1580 692 1620 Nep-

115 1630 196 1656 tuno
209 1629 242 1655 et
254 1623 407 1665 Apolline
420 1624 543 1655 conditi
553 1624 690 1657 fuerant.

161 1681 193 1703 2.
225 1669 336 1702 Chium
359 1670 474 1702 cadum
492 1683 502 1701 .·
519 1671 617 1703 Chios
640 1674 689 1703 in-

114 1718 185 1748 sula
198 1724 245 1748 est
257 1719 352 1748 maris
359 1719 458 1760 AEgei,
468 1720 552 1749 iuter
562 1721 689 1750 Samum

114 1771 147 1796 et
163 1764 319 1802 Lesbum,
338 1765 404 1795 vini
425 1767 570 1807 generosi
596 1766 691 1798 etiam

115 1810 205 1843 nilne
224 1811 324 1843 ferax.
334 1813 588 1844 —Mercemur:
603 1825 691 1844 com-

115 1860 206 1890 muni
225 1857 324 1900 igitur
337 1860 490 1901 sumptu(
502 1860 614 1902 gallice
625 1884 633 1899 ,
650 1872 690 1892 en

112 1905 333 1947 pique-nique)
343 1908 510 1938 convivari
520 1907 690 1940 debebant.

115 1952 370 1994 -Quisaquam
382 1960 537 1994 temperet
544 1954 670 1997 ignibus
680 1967 692 1986 .-

115 2001 188 2041 quis
204 2000 354 2031 balneum
371 2000 552 2040 calefaciat;
570 2009 692 2033 veteres

115 2047 201 2078 enim
212 2057 282 2079 nou
290 2047 352 2078 nisi
362 2047 421 2078 loti
433 2047 690 2082 discumbebant.

116 2111 162 2118 --
173 2095 245 2135 Quo
253 2093 418 2136 proebente
430 2095 561 2126 domum
571 2106 583 2126 :
598 2096 672 2127 mim
681 2121 691 2136 ‚

116 2139 190 2172 cum
199 2151 289 2172 coena
302 2143 467 2172 communi
480 2143 691 2174 convivarum

115 2195 249 2229 sumptu
262 2188 488 2226 instrueretur,
504 2191 622 2231 pacisci
634 2202 691 2222 ne-

117 2244 202 2266 cesse
219 2241 288 2266 erat
299 2235 336 2268 in
353 2236 446 2275 cujus
461 2235 558 2267 domo
573 2247 691 2269 conve·

742 727 861 758 nir-ent.
872 745 918 750 -
931 725 1038 769 Quotiz'
1053 738 1065 758 :
1075 726 1211 758 subaud.
1227 725 1323 758 honi.

793 775 824 805 3.
845 775 900 804 Da
928 776 1031 805 Lunoe
1048 774 1185 816 propere
1213 784 1324 805 novoe:

743 830 777 850 se
792 819 859 860 jam
885 821 988 852 media
1010 822 1095 852 inter
1118 821 1237 864 pocula
1251 832 1325 853 ver-

744 874 870 898 santem
884 868 973 900 videt
985 869 1159 908 Horatius;
1172 879 1231 900 rex
1246 879 1325 900 con-

744 915 822 946 vivii
835 916 981 957 imperat.
994 917 1080 948 Nota
1092 915 1189 958 quam
1202 916 1326 959 triplici

742 960 797 992 illa
822 964 1033 1004 repetitione,
1054 964 1100 994 da
1134 965 1237 994 Lunae
1266 974 1324 994 ηο-

743 1019 801 1047 vae,
816 1010 871 1040 Da
885 1010 996 1041 Noctis
1014 1010 1146 1049 mediae,
1162 1010 1211 1042 da
1225 1022 1328 1054 augu-

744 1055 787 1085 ris
805 1058 953 1088 Mur-enee
965 1056 1126 1098 (subaud.
1135 1058 1328 1100 poculum),

749 1102 868 1134 laetitiae
898 1108 995 1145 quam
1021 1106 1168 1146 praecipit
1195 1116 1327 1137 sensum

750 1150 856 1181 vivide
887 1151 1009 1183 efferat.
1047 1153 1148 1183 Porro
1178 1152 1328 1184 solebant

749 1198 890 1228 Romani
906 1209 1022 1229 eorum
1037 1199 1171 1230 nomina
1185 1210 1327 1241 quorum

746 1244 783 1274 in
800 1244 959 1276 honorem
973 1252 1004 1276 et
1020 1247 1154 1288 gratiam
1168 1246 1332 1278 bibebant

749 1292 841 1324 toties
857 1303 1108 1325 commemorare
1132 1294 1261 1336 quoties
1275 1294 1327 1325 bi·

746 1340 871 1372 berent.
899 1343 951 1374 Sic
971 1342 1150 1374 Atheuaeus
1173 1341 1326 1384 cyathum

745 1389 923 1426 Demetrii,
943 1396 975 1420 et
990 1390 1149 1432 Antigoni
1166 1390 1250 1431 regis
1265 1400 1323 1421 vo·

746 1441 812 1472 cat;
826 1437 872 1467 sic
889 1437 1043 1468 Horatius
1058 1435 1175 1479 supra,
1192 1435 1327 1477 cyathos

747 1481 848 1513 amici
862 1483 1000 1525 sospitis.
1021 1481 1089 1516 Chr
1105 1483 1211 1514 autem
1226 1485 1327 1515 Lunae

745 1540 840 1561 novae
858 1532 1028 1562 meminit?
1045 1532 1101 1562 An
1114 1530 1191 1572 quia
1212 1531 1326 1563 Calen-

745 1576 794 1607 dis
805 1600 815 1614 ‚
830 1577 894 1608 hoc
912 1585 978 1615 est,
996 1578 1101 1620 prima
1117 1579 1235 1609 mensis
1249 1578 1301 1609 die
1314 1602 1324 1616 ,

744 1624 933 1656 institutum
954 1625 1018 1656 hoc
1034 1625 1096 1656 fuit
1111 1626 1300 1657 convivium
1312 1626 1327 1656 Ρ

745 1672 863 1702 mensis
891 1672 999 1703 autem
1028 1673 1107 1703 olim
1134 1671 1152 1703 ὲ
1176 1679 1327 1704 nascente

743 1718 821 1750 lumi
844 1718 984 1750 ducebat
1006 1720 1148 1752 initium.
1167 1720 1222 1751 An
1250 1719 1326 1761 quia

744 1767 878 1796 ineunte
890 1773 999 1805 nocte,
1010 1764 1085 1798 cum
1098 1767 1173 1798 luna
1183 1766 1326 1809 primum

746 1813 929 1852 oriebatur,
945 1821 1131 1855 compotare
1147 1815 1263 1856 coepit,
1280 1813 1326 1845 iu‘i

746 1868 784 1892 ut
803 1861 880 1891 luna
906 1861 1032 1892 dicatur
1054 1862 1107 1893 bic
1131 1871 1234 1900 nova,
1258 1870 1325 1903 quo

744 1908 844 1939 modo
865 1908 988 1939 dicitur
1009 1909 1102 1940 mane
1124 1909 1173 1940 sol
1204 1919 1323 1946 novus,

746 1953 820 1986 cum
835 1956 940 1986 oritur
950 1967 959 1995 ;
971 1967 1028 1987 ver
1042 1967 1157 1987 novum
1168 1980 1178 1995 ,
1191 1954 1266 1987 cum
1280 1956 1327 1986 in-

746 2002 902 2033 cohatur?
917 2021 963 2027 —
977 2005 1032 2034 Da
1050 2003 1164 2035 Noctis
1183 2002 1299 2034 medice
1314 2013 1325 2032 .·

745 2050 822 2091 ergo
848 2060 939 2081 coena
963 2050 1003 2081 ad
1028 2050 1166 2082 mediam
1194 2056 1326 2082 noctem

745 2096 855 2127 saltem
879 2097 1090 2138 producenda
1117 2104 1199 2136 erat,
1224 2104 1257 2128 et
1287 2096 1327 2127 ad

744 2143 846 2184 ipsam
885 2144 993 2176 lucem
1021 2143 1249 2186 protrahenda.
1280 2161 1328 2168 ·-·

745 2191 800 2220 Da
810 2214 822 2228 ,
851 2202 950 2232 puer,
991 2191 1123 2234 auguris
1167 2193 1325 2223 Murenae.

746 2238 888 2280 Auguris
902 2239 1049 2271 ffiIurenae
1063 2250 1076 2270 .·
1093 2239 1237 2271 Licinius
1255 2239 1330 2271 Mu-
