<?xml version="1.0" encoding="UTF-8"?>
<!DOCTYPE html PUBLIC "-//W3C//DTD XHTML 1.0 Transitional//EN"
    "http://www.w3.org/TR/xhtml1/DTD/xhtml1-transitional.dtd">
<html xmlns="http://www.w3.org/1999/xhtml" xml:lang="en" lang="en">
 <head>
  <title>
</title>
<meta http-equiv="Content-Type" content="text/html;charset=utf-8" />
  <meta name='ocr-system' content='tesseract 3.04.00' />
  <meta name='ocr-capabilities' content='ocr_page ocr_carea ocr_par ocr_line ocrx_word'/>
</head>
<body>
  <div class='ocr_page' id='page_1' title='image "./quintushoratiusf01horauoft_0270.png"; bbox 0 0 1456 2508; ppageno 0'>
   <div class='ocr_carea' id='block_1_1' title="bbox 195 94 260 126">
    <p class='ocr_par' dir='ltr' id='par_1_1' title="bbox 195 94 260 126">
     <span class='ocr_line' id='line_1_1' title="bbox 195 94 260 126; baseline 0.031 -2"><span class='ocrx_word' id='word_1_1' title='bbox 195 94 260 126; x_wconf 72' lang='lat'><strong>236</strong></span> 
     </span>
    </p>
   </div>
   <div class='ocr_carea' id='block_1_2' title="bbox 585 97 1008 141">
    <p class='ocr_par' dir='ltr' id='par_1_2' title="bbox 585 97 1008 141">
     <span class='ocr_line' id='line_1_2' title="bbox 585 97 1008 141; baseline 0 -11"><span class='ocrx_word' id='word_1_2' title='bbox 585 100 625 141; x_wconf 87' lang='lat' dir='ltr'><strong>Q.</strong></span> <span class='ocrx_word' id='word_1_3' title='bbox 650 97 846 131; x_wconf 67' lang='lat' dir='ltr'><strong>nomm·</strong></span> <span class='ocrx_word' id='word_1_4' title='bbox 857 98 1008 132; x_wconf 74' lang='lat' dir='ltr'><strong>FLAcm</strong></span> 
     </span>
    </p>
   </div>
   <div class='ocr_carea' id='block_1_3' title="bbox 298 154 1379 1223">
    <p class='ocr_par' dir='ltr' id='par_1_3' title="bbox 298 154 1379 1223">
     <span class='ocr_line' id='line_1_3' title="bbox 299 154 1158 204; baseline 0.008 -15"><span class='ocrx_word' id='word_1_5' title='bbox 299 169 315 187; x_wconf 71' lang='grc' dir='ltr'>α</span> <span class='ocrx_word' id='word_1_6' title='bbox 334 154 572 204; x_wconf 89' lang='lat' dir='ltr'><strong>Quicumque</strong></span> <span class='ocrx_word' id='word_1_7' title='bbox 590 155 733 192; x_wconf 89' lang='lat' dir='ltr'><strong>mundo</strong></span> <span class='ocrx_word' id='word_1_8' title='bbox 751 155 932 194; x_wconf 87' lang='lat' dir='ltr'><strong>terminus</strong></span> <span class='ocrx_word' id='word_1_9' title='bbox 947 155 1094 196; x_wconf 83' lang='lat' dir='ltr'><strong>obstitit</strong></span> <span class='ocrx_word' id='word_1_10' title='bbox 1111 159 1158 203; x_wconf 79' lang='lat'><strong>⁸⁴,</strong></span> 
     </span>
     <span class='ocr_line' id='line_1_4' title="bbox 299 214 1054 264; baseline 0.004 -14"><span class='ocrx_word' id='word_1_11' title='bbox 299 228 315 245; x_wconf 71' lang='grc' dir='ltr'><strong>α</strong></span> <span class='ocrx_word' id='word_1_12' title='bbox 334 214 446 250; x_wconf 87' lang='lat' dir='ltr'><strong>Hunc</strong></span> <span class='ocrx_word' id='word_1_13' title='bbox 460 222 586 263; x_wconf 84' lang='lat' dir='ltr'><strong>tangat</strong></span> <span class='ocrx_word' id='word_1_14' title='bbox 606 214 738 261; x_wconf 87' lang='lat' dir='ltr'><strong>armis,</strong></span> <span class='ocrx_word' id='word_1_15' title='bbox 754 214 875 252; x_wconf 89' lang='lat' dir='ltr'><strong>visere</strong></span> <span class='ocrx_word' id='word_1_16' title='bbox 895 214 1054 264; x_wconf 82' lang='lat' dir='ltr'><strong>gestiens</strong></span> 
     </span>
     <span class='ocr_line' id='line_1_5' title="bbox 355 270 1377 328; baseline 0.007 -17"><span class='ocrx_word' id='word_1_17' title='bbox 355 292 371 307; x_wconf 78' lang='grc' dir='ltr'>α</span> <span class='ocrx_word' id='word_1_18' title='bbox 387 276 472 320; x_wconf 68' lang='lat' dir='ltr'><strong>Quzi</strong></span> <span class='ocrx_word' id='word_1_19' title='bbox 490 284 597 325; x_wconf 88' lang='lat' dir='ltr'><strong>parte</strong></span> <span class='ocrx_word' id='word_1_20' title='bbox 615 274 894 315; x_wconf 82' lang='lat' dir='ltr'><strong>debacchentur</strong></span> <span class='ocrx_word' id='word_1_21' title='bbox 912 270 1040 328; x_wconf 87' lang='lat' dir='ltr'><strong>ignes;</strong></span> <span class='ocrx_word' id='word_1_22' title='bbox 1346 284 1377 314; x_wconf 82' lang='lat'><strong>⁵⁵</strong></span> 
     </span>
     <span class='ocr_line' id='line_1_6' title="bbox 403 337 1041 390; baseline 0.014 -20"><span class='ocrx_word' id='word_1_23' title='bbox 403 353 420 370; x_wconf 86' lang='lat'>«</span> <span class='ocrx_word' id='word_1_24' title='bbox 440 339 525 384; x_wconf 61' lang='lat' dir='ltr'><strong>Qua</strong></span> <span class='ocrx_word' id='word_1_25' title='bbox 543 337 692 376; x_wconf 88' lang='lat' dir='ltr'><strong>nebulae</strong></span> <span class='ocrx_word' id='word_1_26' title='bbox 710 339 905 390; x_wconf 83' lang='lat' dir='ltr'>pluviique</span> <span class='ocrx_word' id='word_1_27' title='bbox 924 353 1041 379; x_wconf 87' lang='lat' dir='ltr'><strong>rores.</strong></span> 
     </span>
     <span class='ocr_line' id='line_1_7' title="bbox 300 400 939 449; baseline 0.005 -10"><span class='ocrx_word' id='word_1_28' title='bbox 300 418 315 434; x_wconf 85' lang='lat'>«</span> <span class='ocrx_word' id='word_1_29' title='bbox 334 400 410 439; x_wconf 88' lang='lat' dir='ltr'><strong>Sed</strong></span> <span class='ocrx_word' id='word_1_30' title='bbox 424 400 611 439; x_wconf 89' lang='lat' dir='ltr'>bellicosis</span> <span class='ocrx_word' id='word_1_31' title='bbox 631 402 707 440; x_wconf 84' lang='lat' dir='ltr'><strong>fata</strong></span> <span class='ocrx_word' id='word_1_32' title='bbox 726 404 939 449; x_wconf 83' lang='lat' dir='ltr'><strong>Quiritibus</strong></span> 
     </span>
     <span class='ocr_line' id='line_1_8' title="bbox 302 464 962 517; baseline 0.006 -17"><span class='ocrx_word' id='word_1_33' title='bbox 302 480 317 496; x_wconf 66' lang='grc' dir='ltr'>α</span> <span class='ocrx_word' id='word_1_34' title='bbox 337 465 419 501; x_wconf 66' lang='lat' dir='ltr'><strong>Heio</strong></span> <span class='ocrx_word' id='word_1_35' title='bbox 433 464 515 514; x_wconf 82' lang='lat' dir='ltr'><strong>lege</strong></span> <span class='ocrx_word' id='word_1_36' title='bbox 530 464 632 510; x_wconf 88' lang='lat' dir='ltr'><strong>dico,</strong></span> <span class='ocrx_word' id='word_1_37' title='bbox 650 465 698 502; x_wconf 75' lang='lat' dir='ltr'><strong>ne</strong></span> <span class='ocrx_word' id='word_1_38' title='bbox 712 466 870 504; x_wconf 74' lang='lat' dir='ltr'><strong>nimium</strong></span> <span class='ocrx_word' id='word_1_39' title='bbox 890 467 962 517; x_wconf 88' lang='lat' dir='ltr'><strong>pii,</strong></span> 
     </span>
     <span class='ocr_line' id='line_1_9' title="bbox 353 525 914 577; baseline 0.007 -14"><span class='ocrx_word' id='word_1_40' title='bbox 353 543 368 559; x_wconf 76' lang='grc' dir='ltr'><strong><em>κ</em></strong></span> <span class='ocrx_word' id='word_1_41' title='bbox 387 525 592 577; x_wconf 87' lang='lat' dir='ltr'><strong>Rebusque</strong></span> <span class='ocrx_word' id='word_1_42' title='bbox 611 527 788 575; x_wconf 87' lang='lat' dir='ltr'><strong>fidentes,</strong></span> <span class='ocrx_word' id='word_1_43' title='bbox 804 529 914 567; x_wconf 78' lang='lat' dir='ltr'><strong>avitae</strong></span> 
     </span>
     <span class='ocr_line' id='line_1_10' title="bbox 404 592 1378 645; baseline 0.009 -19"><span class='ocrx_word' id='word_1_44' title='bbox 404 607 419 623; x_wconf 89' lang='lat'>«</span> <span class='ocrx_word' id='word_1_45' title='bbox 435 593 550 628; x_wconf 88' lang='lat' dir='ltr'><strong>Tecta</strong></span> <span class='ocrx_word' id='word_1_46' title='bbox 564 592 681 630; x_wconf 83' lang='lat' dir='ltr'><strong>velint</strong></span> <span class='ocrx_word' id='word_1_47' title='bbox 696 605 873 642; x_wconf 85' lang='lat' dir='ltr'><strong>reparare</strong></span> <span class='ocrx_word' id='word_1_48' title='bbox 887 593 1021 645; x_wconf 85' lang='lat' dir='ltr'><strong>Trojae.</strong></span> <span class='ocrx_word' id='word_1_49' title='bbox 1346 606 1378 630; x_wconf 80' lang='lat'><strong>60</strong></span> 
     </span>
     <span class='ocr_line' id='line_1_11' title="bbox 303 654 986 708; baseline 0.009 -20"><span class='ocrx_word' id='word_1_50' title='bbox 303 671 316 687; x_wconf 82' lang='grc'><strong>«</strong></span> <span class='ocrx_word' id='word_1_51' title='bbox 335 654 458 704; x_wconf 84' lang='lat' dir='ltr'><strong>Trojae</strong></span> <span class='ocrx_word' id='word_1_52' title='bbox 474 668 671 693; x_wconf 86' lang='lat' dir='ltr'><strong>renascens</strong></span> <span class='ocrx_word' id='word_1_53' title='bbox 686 657 774 694; x_wconf 84' lang='lat' dir='ltr'><strong>alite</strong></span> <span class='ocrx_word' id='word_1_54' title='bbox 787 657 942 708; x_wconf 83' lang='lat' dir='ltr'><strong>lugubri</strong></span> <span class='ocrx_word' id='word_1_55' title='bbox 959 658 986 681; x_wconf 56' lang='grc' dir='ltr'>ὦ</span> 
     </span>
     <span class='ocr_line' id='line_1_12' title="bbox 301 719 996 767; baseline 0.004 -13"><span class='ocrx_word' id='word_1_56' title='bbox 301 732 316 749; x_wconf 85' lang='lat'>«</span> <span class='ocrx_word' id='word_1_57' title='bbox 332 720 498 756; x_wconf 85' lang='lat' dir='ltr'><strong>Fortuna</strong></span> <span class='ocrx_word' id='word_1_58' title='bbox 510 748 521 766; x_wconf 95' lang='lat'><strong>,</strong></span> <span class='ocrx_word' id='word_1_59' title='bbox 536 719 634 757; x_wconf 87' lang='lat' dir='ltr'><strong>tristi</strong></span> <span class='ocrx_word' id='word_1_60' title='bbox 652 719 757 758; x_wconf 87' lang='lat' dir='ltr'><strong>clade</strong></span> <span class='ocrx_word' id='word_1_61' title='bbox 775 719 996 767; x_wconf 79' lang='lat' dir='ltr'><strong>iterabitur,</strong></span> 
     </span>
     <span class='ocr_line' id='line_1_13' title="bbox 353 783 936 822; baseline 0.005 -4"><span class='ocrx_word' id='word_1_62' title='bbox 353 799 368 814; x_wconf 89' lang='lat'>«</span> <span class='ocrx_word' id='word_1_63' title='bbox 389 784 559 820; x_wconf 86' lang='lat' dir='ltr'><strong>Ducente</strong></span> <span class='ocrx_word' id='word_1_64' title='bbox 573 783 747 821; x_wconf 85' lang='lat' dir='ltr'><strong>victrices</strong></span> <span class='ocrx_word' id='word_1_65' title='bbox 766 793 936 822; x_wconf 83' lang='lat' dir='ltr'><strong>catervas</strong></span> 
     </span>
     <span class='ocr_line' id='line_1_14' title="bbox 403 846 1036 896; baseline 0.006 -15"><span class='ocrx_word' id='word_1_66' title='bbox 403 861 419 877; x_wconf 83' lang='grc'>«</span> <span class='ocrx_word' id='word_1_67' title='bbox 437 846 604 896; x_wconf 81' lang='lat' dir='ltr'><strong>Conjuge</strong></span> <span class='ocrx_word' id='word_1_68' title='bbox 621 859 680 884; x_wconf 90' lang='lat' dir='ltr'><strong>me</strong></span> <span class='ocrx_word' id='word_1_69' title='bbox 698 847 823 893; x_wconf 86' lang='lat' dir='ltr'><strong>Jovis,</strong></span> <span class='ocrx_word' id='word_1_70' title='bbox 841 855 878 884; x_wconf 91' lang='lat' dir='ltr'><strong>et</strong></span> <span class='ocrx_word' id='word_1_71' title='bbox 893 860 1036 885; x_wconf 86' lang='lat' dir='ltr'><strong>sorore.</strong></span> 
     </span>
     <span class='ocr_line' id='line_1_15' title="bbox 300 909 1379 959; baseline 0.005 -14"><span class='ocrx_word' id='word_1_72' title='bbox 300 926 315 942; x_wconf 78' lang='grc' dir='ltr'><strong>α</strong></span> <span class='ocrx_word' id='word_1_73' title='bbox 333 909 408 946; x_wconf 80' lang='lat' dir='ltr'><strong>Ter</strong></span> <span class='ocrx_word' id='word_1_74' title='bbox 426 909 457 946; x_wconf 91' lang='lat' dir='ltr'><strong>si</strong></span> <span class='ocrx_word' id='word_1_75' title='bbox 473 918 644 959; x_wconf 83' lang='lat' dir='ltr'><strong>resurgat</strong></span> <span class='ocrx_word' id='word_1_76' title='bbox 661 909 687 933; x_wconf 87' lang='lat'><strong>¹⁶</strong></span> <span class='ocrx_word' id='word_1_77' title='bbox 703 923 833 947; x_wconf 85' lang='lat' dir='ltr'><strong>murus</strong></span> <span class='ocrx_word' id='word_1_78' title='bbox 849 913 1000 959; x_wconf 70' lang='lat' dir='ltr'><strong>aeneus,</strong></span> <span class='ocrx_word' id='word_1_79' title='bbox 1347 921 1379 944; x_wconf 76' lang='lat'><strong>05</strong></span> 
     </span>
     <span class='ocr_line' id='line_1_16' title="bbox 299 975 1009 1025; baseline 0 -13"><span class='ocrx_word' id='word_1_80' title='bbox 299 991 314 1008; x_wconf 72' lang='grc' dir='ltr'><strong><em>κ</em></strong></span> <span class='ocrx_word' id='word_1_81' title='bbox 332 978 498 1012; x_wconf 84' lang='lat' dir='ltr'><strong>Auctore</strong></span> <span class='ocrx_word' id='word_1_82' title='bbox 513 975 673 1021; x_wconf 86' lang='lat' dir='ltr'><strong>Phoeb03</strong></span> <span class='ocrx_word' id='word_1_83' title='bbox 694 976 751 1012; x_wconf 81' lang='lat' dir='ltr'><strong>ter</strong></span> <span class='ocrx_word' id='word_1_84' title='bbox 769 984 899 1025; x_wconf 85' lang='lat' dir='ltr'><strong>pereat</strong></span> <span class='ocrx_word' id='word_1_85' title='bbox 918 976 1009 1013; x_wconf 88' lang='lat' dir='ltr'><strong>meis</strong></span> 
     </span>
     <span class='ocr_line' id='line_1_17' title="bbox 352 1038 943 1088; baseline -0.003 -12"><span class='ocrx_word' id='word_1_86' title='bbox 352 1056 367 1072; x_wconf 89' lang='lat'>«</span> <span class='ocrx_word' id='word_1_87' title='bbox 383 1039 539 1076; x_wconf 85' lang='lat' dir='ltr'><strong>Excisus</strong></span> <span class='ocrx_word' id='word_1_88' title='bbox 555 1038 727 1088; x_wconf 85' lang='lat' dir='ltr'><strong>Argivis;</strong></span> <span class='ocrx_word' id='word_1_89' title='bbox 748 1038 804 1074; x_wconf 75' lang='lat' dir='ltr'><strong>ter</strong></span> <span class='ocrx_word' id='word_1_90' title='bbox 815 1067 825 1084; x_wconf 90' lang='lat'><strong>,</strong></span> <span class='ocrx_word' id='word_1_91' title='bbox 844 1051 943 1075; x_wconf 84' lang='lat' dir='ltr'><strong>uxor</strong></span> 
     </span>
     <span class='ocr_line' id='line_1_18' title="bbox 393 1105 1124 1155; baseline -0.005 -12"><span class='ocrx_word' id='word_1_92' title='bbox 393 1108 418 1138; x_wconf 66' lang='grc' dir='ltr'><strong>’τι</strong></span> <span class='ocrx_word' id='word_1_93' title='bbox 434 1107 570 1155; x_wconf 86' lang='lat' dir='ltr'><strong>Capta,</strong></span> <span class='ocrx_word' id='word_1_94' title='bbox 585 1105 710 1141; x_wconf 88' lang='lat' dir='ltr'><strong>virum</strong></span> <span class='ocrx_word' id='word_1_95' title='bbox 728 1117 942 1154; x_wconf 87' lang='lat' dir='ltr'><strong>puerosque</strong></span> <span class='ocrx_word' id='word_1_96' title='bbox 958 1105 1089 1155; x_wconf 84' lang='lat' dir='ltr'><strong>ploret.</strong></span> <span class='ocrx_word' id='word_1_97' title='bbox 1109 1122 1124 1139; x_wconf 65' lang='grc' dir='ltr'>ι</span> 
     </span>
     <span class='ocr_line' id='line_1_19' title="bbox 298 1172 1059 1223; baseline 0 -15"><span class='ocrx_word' id='word_1_98' title='bbox 298 1173 386 1209; x_wconf 77' lang='lat' dir='ltr'><strong>Non</strong></span> <span class='ocrx_word' id='word_1_99' title='bbox 403 1172 483 1210; x_wconf 86' lang='lat' dir='ltr'><strong>haec</strong></span> <span class='ocrx_word' id='word_1_100' title='bbox 497 1172 635 1223; x_wconf 84' lang='lat' dir='ltr'><strong>jocosae</strong></span> <span class='ocrx_word' id='word_1_101' title='bbox 651 1172 879 1210; x_wconf 88' lang='lat' dir='ltr'><strong>conveniunt</strong></span> <span class='ocrx_word' id='word_1_102' title='bbox 898 1172 988 1221; x_wconf 83' lang='lat' dir='ltr'><strong>lyrae</strong></span> <span class='ocrx_word' id='word_1_103' title='bbox 1005 1180 1032 1197; x_wconf 82' lang='lat'><strong>¹⁷</strong></span> <span class='ocrx_word' id='word_1_104' title='bbox 1049 1188 1059 1219; x_wconf 56' lang='grc' dir='ltr'><em>ᾗ</em></span> 
     </span>
    </p>
   </div>
   <div class='ocr_carea' id='block_1_4' title="bbox 195 1354 767 2226">
    <p class='ocr_par' dir='ltr' id='par_1_4' title="bbox 195 1354 767 2133">
     <span class='ocr_line' id='line_1_20' title="bbox 245 1354 763 1396; baseline 0 -10"><span class='ocrx_word' id='word_1_105' title='bbox 245 1362 296 1392; x_wconf 79' lang='grc' dir='ltr'><strong>ῐ4.</strong></span> <span class='ocrx_word' id='word_1_106' title='bbox 311 1354 506 1396; x_wconf 70' lang='lat' dir='ltr'><strong>Qufcumque</strong></span> <span class='ocrx_word' id='word_1_107' title='bbox 522 1355 640 1385; x_wconf 81' lang='lat' dir='ltr'><strong>mundo</strong></span> <span class='ocrx_word' id='word_1_108' title='bbox 659 1355 763 1386; x_wconf 80' lang='lat' dir='ltr'><strong>termi-</strong></span> 
     </span>
     <span class='ocr_line' id='line_1_21' title="bbox 197 1401 765 1443; baseline -0.004 -10"><span class='ocrx_word' id='word_1_109' title='bbox 197 1413 256 1433; x_wconf 83' lang='lat' dir='ltr'><strong>nus</strong></span> <span class='ocrx_word' id='word_1_110' title='bbox 271 1401 390 1432; x_wconf 76' lang='lat' dir='ltr'><strong>obstitit</strong></span> <span class='ocrx_word' id='word_1_111' title='bbox 403 1413 414 1432; x_wconf 90' lang='lat'><em>:</em></span> <span class='ocrx_word' id='word_1_112' title='bbox 429 1402 525 1439; x_wconf 77' lang='lat' dir='ltr'><strong>male,</strong></span> <span class='ocrx_word' id='word_1_113' title='bbox 541 1401 633 1437; x_wconf 60' lang='lat' dir='ltr'><strong>alifis,</strong></span> <span class='ocrx_word' id='word_1_114' title='bbox 649 1401 765 1443; x_wconf 84' lang='lat' dir='ltr'><strong>legitur</strong></span> 
     </span>
     <span class='ocr_line' id='line_1_22' title="bbox 197 1446 765 1489; baseline 0 -12"><span class='ocrx_word' id='word_1_115' title='bbox 197 1448 318 1479; x_wconf 84' lang='lat' dir='ltr'><strong>mundi.</strong></span> <span class='ocrx_word' id='word_1_116' title='bbox 345 1449 549 1489; x_wconf 85' lang='lat' dir='ltr'><strong>Quicumque</strong></span> <span class='ocrx_word' id='word_1_117' title='bbox 575 1446 648 1477; x_wconf 86' lang='lat' dir='ltr'><strong>finis</strong></span> <span class='ocrx_word' id='word_1_118' title='bbox 670 1454 765 1478; x_wconf 83' lang='lat' dir='ltr'><strong>terra-</strong></span> 
     </span>
     <span class='ocr_line' id='line_1_23' title="bbox 195 1493 767 1525; baseline -0.002 -1"><span class='ocrx_word' id='word_1_119' title='bbox 195 1505 269 1524; x_wconf 88' lang='lat' dir='ltr'><strong>rum</strong></span> <span class='ocrx_word' id='word_1_120' title='bbox 297 1493 408 1524; x_wconf 83' lang='lat' dir='ltr'><strong>orbem</strong></span> <span class='ocrx_word' id='word_1_121' title='bbox 437 1495 593 1525; x_wconf 80' lang='lat' dir='ltr'><strong>terminet.</strong></span> <span class='ocrx_word' id='word_1_122' title='bbox 609 1510 654 1516; x_wconf 93' lang='lat'><strong>——</strong></span> <span class='ocrx_word' id='word_1_123' title='bbox 673 1495 767 1524; x_wconf 79' lang='lat' dir='ltr'><strong>Hunc</strong></span> 
     </span>
     <span class='ocr_line' id='line_1_24' title="bbox 197 1539 764 1582; baseline -0.002 -12"><span class='ocrx_word' id='word_1_124' title='bbox 197 1548 313 1582; x_wconf 77' lang='lat' dir='ltr'><strong>tangat</strong></span> <span class='ocrx_word' id='word_1_125' title='bbox 326 1540 424 1570; x_wconf 81' lang='lat' dir='ltr'><strong>armis</strong></span> <span class='ocrx_word' id='word_1_126' title='bbox 437 1551 448 1570; x_wconf 92' lang='grc'><strong>.·</strong></span> <span class='ocrx_word' id='word_1_127' title='bbox 467 1540 551 1570; x_wconf 87' lang='lat' dir='ltr'><strong>felici</strong></span> <span class='ocrx_word' id='word_1_128' title='bbox 563 1539 668 1570; x_wconf 87' lang='lat' dir='ltr'><strong>litotes</strong></span> <span class='ocrx_word' id='word_1_129' title='bbox 686 1550 764 1577; x_wconf 88' lang='lat' dir='ltr'><strong>usu;</strong></span> 
     </span>
     <span class='ocr_line' id='line_1_25' title="bbox 197 1585 764 1627; baseline -0.005 -9"><span class='ocrx_word' id='word_1_130' title='bbox 197 1588 307 1618; x_wconf 86' lang='lat' dir='ltr'><strong>Romae</strong></span> <span class='ocrx_word' id='word_1_131' title='bbox 317 1609 326 1623; x_wconf 86' lang='lat'>‚</span> <span class='ocrx_word' id='word_1_132' title='bbox 345 1586 443 1616; x_wconf 75' lang='lat' dir='ltr'><strong>annis</strong></span> <span class='ocrx_word' id='word_1_133' title='bbox 457 1593 589 1627; x_wconf 79' lang='lat' dir='ltr'><strong>tangere</strong></span> <span class='ocrx_word' id='word_1_134' title='bbox 601 1609 610 1622; x_wconf 91' lang='lat'>‚</span> <span class='ocrx_word' id='word_1_135' title='bbox 630 1586 696 1616; x_wconf 75' lang='lat' dir='ltr'><strong>sive</strong></span> <span class='ocrx_word' id='word_1_136' title='bbox 711 1585 764 1615; x_wconf 89' lang='lat' dir='ltr'><strong>de-</strong></span> 
     </span>
     <span class='ocr_line' id='line_1_26' title="bbox 196 1631 764 1670; baseline 0 -8"><span class='ocrx_word' id='word_1_137' title='bbox 196 1631 314 1662; x_wconf 74' lang='lat' dir='ltr'><strong>bellare</strong></span> <span class='ocrx_word' id='word_1_138' title='bbox 324 1655 333 1670; x_wconf 93' lang='lat'><strong>‚</strong></span> <span class='ocrx_word' id='word_1_139' title='bbox 349 1642 451 1662; x_wconf 86' lang='lat' dir='ltr'><strong>unum</strong></span> <span class='ocrx_word' id='word_1_140' title='bbox 466 1639 497 1662; x_wconf 91' lang='lat' dir='ltr'><strong>et</strong></span> <span class='ocrx_word' id='word_1_141' title='bbox 513 1631 596 1661; x_wconf 88' lang='lat' dir='ltr'><strong>idem</strong></span> <span class='ocrx_word' id='word_1_142' title='bbox 613 1632 705 1663; x_wconf 81' lang='lat' dir='ltr'><strong>valet.</strong></span> <span class='ocrx_word' id='word_1_143' title='bbox 719 1649 764 1654; x_wconf 94' lang='grc'><strong>--</strong></span> 
     </span>
     <span class='ocr_line' id='line_1_27' title="bbox 201 1676 763 1719; baseline -0.004 -11"><span class='ocrx_word' id='word_1_144' title='bbox 201 1676 273 1719; x_wconf 67' lang='lat' dir='ltr'><strong>Qud</strong></span> <span class='ocrx_word' id='word_1_145' title='bbox 282 1684 378 1718; x_wconf 83' lang='lat' dir='ltr'><strong>parte</strong></span> <span class='ocrx_word' id='word_1_146' title='bbox 399 1677 633 1708; x_wconf 77' lang='lat' dir='ltr'><strong>debacchentur</strong></span> <span class='ocrx_word' id='word_1_147' title='bbox 651 1677 739 1719; x_wconf 74' lang='lat' dir='ltr'><strong>ignes</strong></span> <span class='ocrx_word' id='word_1_148' title='bbox 753 1688 763 1707; x_wconf 81' lang='lat'><strong>.-</strong></span> 
     </span>
     <span class='ocr_line' id='line_1_28' title="bbox 198 1722 764 1755; baseline 0.002 -2"><span class='ocrx_word' id='word_1_149' title='bbox 198 1731 259 1754; x_wconf 81' lang='lat' dir='ltr'><strong>tres</strong></span> <span class='ocrx_word' id='word_1_150' title='bbox 282 1734 376 1754; x_wconf 88' lang='lat' dir='ltr'><strong>zonas</strong></span> <span class='ocrx_word' id='word_1_151' title='bbox 399 1722 552 1755; x_wconf 76' lang='lat' dir='ltr'><strong>hactenus</strong></span> <span class='ocrx_word' id='word_1_152' title='bbox 582 1723 764 1754; x_wconf 82' lang='lat' dir='ltr'><strong>hominibus</strong></span> 
     </span>
     <span class='ocr_line' id='line_1_29' title="bbox 198 1769 765 1808; baseline 0 -9"><span class='ocrx_word' id='word_1_153' title='bbox 198 1769 263 1800; x_wconf 77' lang='lat' dir='ltr'><strong>fere</strong></span> <span class='ocrx_word' id='word_1_154' title='bbox 271 1770 443 1800; x_wconf 82' lang='lat' dir='ltr'><strong>inaccessas</strong></span> <span class='ocrx_word' id='word_1_155' title='bbox 456 1777 564 1808; x_wconf 86' lang='lat' dir='ltr'><strong>notat;</strong></span> <span class='ocrx_word' id='word_1_156' title='bbox 579 1780 691 1800; x_wconf 85' lang='lat' dir='ltr'><strong>zonam</strong></span> <span class='ocrx_word' id='word_1_157' title='bbox 705 1776 765 1799; x_wconf 88' lang='lat' dir='ltr'><strong>tor-</strong></span> 
     </span>
     <span class='ocr_line' id='line_1_30' title="bbox 198 1815 764 1854; baseline -0.002 -9"><span class='ocrx_word' id='word_1_158' title='bbox 198 1815 298 1846; x_wconf 85' lang='lat' dir='ltr'><strong>ridam</strong></span> <span class='ocrx_word' id='word_1_159' title='bbox 326 1815 447 1846; x_wconf 70' lang='lat' dir='ltr'><strong>scilicet</strong></span> <span class='ocrx_word' id='word_1_160' title='bbox 462 1839 471 1854; x_wconf 92' lang='lat'><strong>,</strong></span> <span class='ocrx_word' id='word_1_161' title='bbox 503 1822 534 1846; x_wconf 88' lang='lat' dir='ltr'><strong>et</strong></span> <span class='ocrx_word' id='word_1_162' title='bbox 563 1815 640 1846; x_wconf 80' lang='lat' dir='ltr'><strong>duas</strong></span> <span class='ocrx_word' id='word_1_163' title='bbox 670 1826 764 1846; x_wconf 82' lang='lat' dir='ltr'><strong>zonas</strong></span> 
     </span>
     <span class='ocr_line' id='line_1_31' title="bbox 197 1861 767 1902; baseline 0 -11"><span class='ocrx_word' id='word_1_164' title='bbox 197 1861 353 1902; x_wconf 80' lang='lat' dir='ltr'><strong>glaciales.</strong></span> <span class='ocrx_word' id='word_1_165' title='bbox 363 1879 410 1886; x_wconf 84' lang='lat'><strong>—-</strong></span> <span class='ocrx_word' id='word_1_166' title='bbox 421 1861 584 1902; x_wconf 78' lang='lat' dir='ltr'><strong>Pluviz&#39;que</strong></span> <span class='ocrx_word' id='word_1_167' title='bbox 597 1871 682 1891; x_wconf 87' lang='lat' dir='ltr'><strong>rores</strong></span> <span class='ocrx_word' id='word_1_168' title='bbox 692 1873 703 1891; x_wconf 86' lang='lat'><strong>.·</strong></span> <span class='ocrx_word' id='word_1_169' title='bbox 714 1871 767 1891; x_wconf 84' lang='lat' dir='ltr'><strong>ros</strong></span> 
     </span>
     <span class='ocr_line' id='line_1_32' title="bbox 198 1906 764 1951; baseline 0 -15"><span class='ocrx_word' id='word_1_170' title='bbox 198 1907 214 1936; x_wconf 69' lang='grc' dir='ltr'><strong>ὲ</strong></span> <span class='ocrx_word' id='word_1_171' title='bbox 241 1918 343 1949; x_wconf 82' lang='lat' dir='ltr'><strong>graeco</strong></span> <span class='ocrx_word' id='word_1_172' title='bbox 354 1930 362 1946; x_wconf 91' lang='lat'><strong>,</strong></span> <span class='ocrx_word' id='word_1_173' title='bbox 390 1906 464 1950; x_wconf 77' lang='grc' dir='ltr'>ῥεῶ,</span> <span class='ocrx_word' id='word_1_174' title='bbox 477 1907 552 1951; x_wconf 80' lang='lat' dir='ltr'><strong>fluo</strong></span> <span class='ocrx_word' id='word_1_175' title='bbox 561 1920 573 1944; x_wconf 91' lang='lat'><em>;</em></span> <span class='ocrx_word' id='word_1_176' title='bbox 599 1907 684 1938; x_wconf 73' lang='lat' dir='ltr'><strong>uude</strong></span> <span class='ocrx_word' id='word_1_177' title='bbox 709 1906 764 1936; x_wconf 89' lang='lat' dir='ltr'><strong>ad-</strong></span> 
     </span>
     <span class='ocr_line' id='line_1_33' title="bbox 195 1952 764 1994; baseline -0.004 -10"><span class='ocrx_word' id='word_1_178' title='bbox 195 1954 313 1992; x_wconf 82' lang='lat' dir='ltr'><strong>jectivo</strong></span> <span class='ocrx_word' id='word_1_179' title='bbox 338 1954 527 1992; x_wconf 81' lang='lat' dir='ltr'><strong>conjunctus</strong></span> <span class='ocrx_word' id='word_1_180' title='bbox 537 1975 546 1991; x_wconf 91' lang='lat'>‚</span> <span class='ocrx_word' id='word_1_181' title='bbox 561 1952 764 1994; x_wconf 82' lang='lat' dir='ltr'><strong>significatio-</strong></span> 
     </span>
     <span class='ocr_line' id='line_1_34' title="bbox 197 1999 766 2038; baseline -0.002 -9"><span class='ocrx_word' id='word_1_182' title='bbox 197 2010 271 2030; x_wconf 89' lang='lat' dir='ltr'><strong>nem</strong></span> <span class='ocrx_word' id='word_1_183' title='bbox 285 2010 374 2030; x_wconf 89' lang='lat' dir='ltr'><strong>suam</strong></span> <span class='ocrx_word' id='word_1_184' title='bbox 388 2001 497 2030; x_wconf 84' lang='lat' dir='ltr'><strong>variat.</strong></span> <span class='ocrx_word' id='word_1_185' title='bbox 513 2002 572 2030; x_wconf 84' lang='lat' dir='ltr'><strong>Per</strong></span> <span class='ocrx_word' id='word_1_186' title='bbox 581 1999 707 2038; x_wconf 83' lang='lat' dir='ltr'><strong>pluvios</strong></span> <span class='ocrx_word' id='word_1_187' title='bbox 719 2009 766 2029; x_wconf 85' lang='lat' dir='ltr'><strong>ro-</strong></span> 
     </span>
     <span class='ocr_line' id='line_1_35' title="bbox 198 2046 765 2087; baseline -0.002 -12"><span class='ocrx_word' id='word_1_188' title='bbox 198 2056 247 2075; x_wconf 77' lang='lat' dir='ltr'><strong>res</strong></span> <span class='ocrx_word' id='word_1_189' title='bbox 262 2046 410 2087; x_wconf 85' lang='lat' dir='ltr'><strong>intelligit</strong></span> <span class='ocrx_word' id='word_1_190' title='bbox 423 2047 553 2084; x_wconf 78' lang='lat' dir='ltr'><strong>Noster,</strong></span> <span class='ocrx_word' id='word_1_191' title='bbox 563 2046 685 2087; x_wconf 86' lang='lat' dir='ltr'><strong>pluvias</strong></span> <span class='ocrx_word' id='word_1_192' title='bbox 698 2055 765 2086; x_wconf 82' lang='lat' dir='ltr'><strong>per-</strong></span> 
     </span>
     <span class='ocr_line' id='line_1_36' title="bbox 197 2090 764 2133; baseline 0 -12"><span class='ocrx_word' id='word_1_193' title='bbox 197 2098 307 2132; x_wconf 84' lang='lat' dir='ltr'><strong>petuas</strong></span> <span class='ocrx_word' id='word_1_194' title='bbox 320 2092 436 2133; x_wconf 85' lang='lat' dir='ltr'><strong>quibus</strong></span> <span class='ocrx_word' id='word_1_195' title='bbox 450 2098 583 2132; x_wconf 83' lang='lat' dir='ltr'><strong>uterque</strong></span> <span class='ocrx_word' id='word_1_196' title='bbox 601 2091 694 2132; x_wconf 83' lang='lat' dir='ltr'><strong>polus</strong></span> <span class='ocrx_word' id='word_1_197' title='bbox 710 2090 764 2121; x_wconf 90' lang='lat' dir='ltr'><strong>ob-</strong></span> 
     </span>
    </p>

    <p class='ocr_par' dir='ltr' id='par_1_5' title="bbox 197 2137 761 2226">
     <span class='ocr_line' id='line_1_37' title="bbox 197 2137 504 2168; baseline 0.003 -1"><span class='ocrx_word' id='word_1_198' title='bbox 197 2137 291 2168; x_wconf 76' lang='lat' dir='ltr'><strong>sideri</strong></span> <span class='ocrx_word' id='word_1_199' title='bbox 307 2137 504 2168; x_wconf 84' lang='lat' dir='ltr'><strong>credebatur.</strong></span> 
     </span>
     <span class='ocr_line' id='line_1_38' title="bbox 225 2181 761 2226; baseline 0 -13"><span class='ocrx_word' id='word_1_200' title='bbox 225 2203 229 2206; x_wconf 85' lang='lat'><em>-</em></span> <span class='ocrx_word' id='word_1_201' title='bbox 250 2183 300 2214; x_wconf 80' lang='lat'><strong>15.</strong></span> <span class='ocrx_word' id='word_1_202' title='bbox 321 2184 408 2215; x_wconf 79' lang='lat' dir='ltr'><strong>Alite</strong></span> <span class='ocrx_word' id='word_1_203' title='bbox 421 2181 545 2226; x_wconf 74' lang='lat' dir='ltr'><strong>lugubri</strong></span> <span class='ocrx_word' id='word_1_204' title='bbox 558 2194 569 2213; x_wconf 88' lang='lat'><em>:</em></span> <span class='ocrx_word' id='word_1_205' title='bbox 588 2182 671 2214; x_wconf 88' lang='lat' dir='ltr'><strong>malo</strong></span> <span class='ocrx_word' id='word_1_206' title='bbox 683 2183 761 2213; x_wconf 86' lang='lat' dir='ltr'><strong>omi-</strong></span> 
     </span>
    </p>
   </div>
   <div class='ocr_carea' id='block_1_5' title="bbox 814 1353 1387 2221">
    <p class='ocr_par' dir='ltr' id='par_1_6' title="bbox 816 1353 1386 1625">
     <span class='ocr_line' id='line_1_39' title="bbox 816 1353 1381 1395; baseline -0.002 -11"><span class='ocrx_word' id='word_1_207' title='bbox 816 1365 855 1385; x_wconf 84' lang='lat' dir='ltr'><strong>ne</strong></span> <span class='ocrx_word' id='word_1_208' title='bbox 872 1364 880 1385; x_wconf 91' lang='lat'>:</span> <span class='ocrx_word' id='word_1_209' title='bbox 898 1361 933 1384; x_wconf 90' lang='lat' dir='ltr'><strong>ut</strong></span> <span class='ocrx_word' id='word_1_210' title='bbox 946 1353 1040 1395; x_wconf 69' lang='lat' dir='ltr'><strong>suprii</strong></span> <span class='ocrx_word' id='word_1_211' title='bbox 1054 1353 1115 1385; x_wconf 89' lang='lat' dir='ltr'><strong>od.</strong></span> <span class='ocrx_word' id='word_1_212' title='bbox 1131 1356 1163 1392; x_wconf 85' lang='grc' dir='ltr'><strong>Ι,</strong></span> <span class='ocrx_word' id='word_1_213' title='bbox 1181 1354 1239 1391; x_wconf 81' lang='lat'><strong>15,</strong></span> <span class='ocrx_word' id='word_1_214' title='bbox 1256 1354 1274 1384; x_wconf 80' lang='lat'><em>5</em></span> <span class='ocrx_word' id='word_1_215' title='bbox 1288 1376 1297 1391; x_wconf 90' lang='lat'>‚</span> <span class='ocrx_word' id='word_1_216' title='bbox 1315 1356 1381 1384; x_wconf 83' lang='grc' dir='ltr'><strong>Μα-</strong></span> 
     </span>
     <span class='ocr_line' id='line_1_40' title="bbox 818 1398 1382 1442; baseline -0.002 -12"><span class='ocrx_word' id='word_1_217' title='bbox 818 1398 852 1430; x_wconf 70' lang='lat' dir='ltr'><strong>Id</strong></span> <span class='ocrx_word' id='word_1_218' title='bbox 867 1401 955 1430; x_wconf 82' lang='lat' dir='ltr'><strong>ducis</strong></span> <span class='ocrx_word' id='word_1_219' title='bbox 970 1400 1022 1430; x_wconf 86' lang='lat' dir='ltr'><strong>avi</strong></span> <span class='ocrx_word' id='word_1_220' title='bbox 1034 1401 1172 1431; x_wconf 82' lang='lat' dir='ltr'><strong>domum.</strong></span> <span class='ocrx_word' id='word_1_221' title='bbox 1185 1418 1231 1423; x_wconf 89' lang='lat'>—</span> <span class='ocrx_word' id='word_1_222' title='bbox 1241 1399 1382 1442; x_wconf 75' lang='lat' dir='ltr'><strong>Conjuge</strong></span> 
     </span>
     <span class='ocr_line' id='line_1_41' title="bbox 821 1445 1386 1477; baseline -0.002 -1"><span class='ocrx_word' id='word_1_223' title='bbox 821 1457 870 1476; x_wconf 86' lang='lat' dir='ltr'><strong>me</strong></span> <span class='ocrx_word' id='word_1_224' title='bbox 885 1445 969 1477; x_wconf 77' lang='lat' dir='ltr'><strong>Iovis</strong></span> <span class='ocrx_word' id='word_1_225' title='bbox 984 1453 1016 1476; x_wconf 79' lang='lat' dir='ltr'><strong>et</strong></span> <span class='ocrx_word' id='word_1_226' title='bbox 1030 1457 1135 1477; x_wconf 85' lang='lat' dir='ltr'><strong>sorore</strong></span> <span class='ocrx_word' id='word_1_227' title='bbox 1150 1458 1161 1477; x_wconf 90' lang='grc'><strong>.·</strong></span> <span class='ocrx_word' id='word_1_228' title='bbox 1180 1446 1246 1477; x_wconf 83' lang='lat' dir='ltr'><strong>vid.</strong></span> <span class='ocrx_word' id='word_1_229' title='bbox 1265 1447 1386 1477; x_wconf 77' lang='lat' dir='ltr'><strong>notissi-</strong></span> 
     </span>
     <span class='ocr_line' id='line_1_42' title="bbox 820 1493 1382 1534; baseline -0.002 -11"><span class='ocrx_word' id='word_1_230' title='bbox 820 1503 906 1523; x_wconf 90' lang='lat' dir='ltr'><strong>mum</strong></span> <span class='ocrx_word' id='word_1_231' title='bbox 922 1493 1002 1523; x_wconf 85' lang='lat' dir='ltr'><strong>illud</strong></span> <span class='ocrx_word' id='word_1_232' title='bbox 1018 1493 1161 1534; x_wconf 80' lang='lat' dir='ltr'><strong>Virgilii,</strong></span> <span class='ocrx_word' id='word_1_233' title='bbox 1181 1495 1251 1524; x_wconf 83' lang='lat' dir='ltr'><strong>AEn.</strong></span> <span class='ocrx_word' id='word_1_234' title='bbox 1263 1493 1296 1528; x_wconf 88' lang='lat'><strong>1,</strong></span> <span class='ocrx_word' id='word_1_235' title='bbox 1318 1497 1357 1530; x_wconf 74' lang='lat'><strong>47</strong></span> <span class='ocrx_word' id='word_1_236' title='bbox 1375 1501 1382 1522; x_wconf 85' lang='lat'>:</span> 
     </span>
     <span class='ocr_line' id='line_1_43' title="bbox 818 1537 1385 1581; baseline -0.004 -12"><span class='ocrx_word' id='word_1_237' title='bbox 818 1541 879 1569; x_wconf 82' lang='lat' dir='ltr'><strong>Asc</strong></span> <span class='ocrx_word' id='word_1_238' title='bbox 888 1549 961 1581; x_wconf 81' lang='lat' dir='ltr'><strong>ego,</strong></span> <span class='ocrx_word' id='word_1_239' title='bbox 975 1549 1046 1579; x_wconf 83' lang='lat' dir='ltr'><strong>quae</strong></span> <span class='ocrx_word' id='word_1_240' title='bbox 1058 1537 1161 1569; x_wconf 65' lang='lat' dir='ltr'><strong>div-tim</strong></span> <span class='ocrx_word' id='word_1_241' title='bbox 1176 1537 1288 1568; x_wconf 82' lang='lat' dir='ltr'><strong>incedo</strong></span> <span class='ocrx_word' id='word_1_242' title='bbox 1307 1537 1385 1579; x_wconf 81' lang='lat' dir='ltr'><strong>regi-</strong></span> 
     </span>
     <span class='ocr_line' id='line_1_44' title="bbox 817 1582 1383 1625; baseline -0.004 -11"><span class='ocrx_word' id='word_1_243' title='bbox 817 1595 860 1615; x_wconf 86' lang='lat' dir='ltr'><strong>na</strong></span> <span class='ocrx_word' id='word_1_244' title='bbox 870 1608 878 1621; x_wconf 93' lang='lat'><strong>,</strong></span> <span class='ocrx_word' id='word_1_245' title='bbox 899 1584 1045 1625; x_wconf 73' lang='lat' dir='ltr'><strong>Iovisque</strong></span> <span class='ocrx_word' id='word_1_246' title='bbox 1061 1586 1104 1614; x_wconf 80' lang='lat' dir='ltr'><strong>Et</strong></span> <span class='ocrx_word' id='word_1_247' title='bbox 1117 1594 1206 1614; x_wconf 85' lang='lat' dir='ltr'><strong>soror</strong></span> <span class='ocrx_word' id='word_1_248' title='bbox 1213 1591 1245 1614; x_wconf 81' lang='lat' dir='ltr'><strong>ec</strong></span> <span class='ocrx_word' id='word_1_249' title='bbox 1256 1582 1383 1623; x_wconf 80' lang='lat' dir='ltr'><strong>conjux.</strong></span> 
     </span>
    </p>

    <p class='ocr_par' dir='ltr' id='par_1_7' title="bbox 817 1629 1387 2074">
     <span class='ocr_line' id='line_1_45' title="bbox 868 1629 1385 1672; baseline -0.004 -11"><span class='ocrx_word' id='word_1_250' title='bbox 868 1631 918 1661; x_wconf 85' lang='lat'><strong>16.</strong></span> <span class='ocrx_word' id='word_1_251' title='bbox 935 1631 996 1661; x_wconf 77' lang='grc' dir='ltr'><strong>Τὲν</strong></span> <span class='ocrx_word' id='word_1_252' title='bbox 1008 1630 1036 1660; x_wconf 84' lang='lat' dir='ltr'><strong>si</strong></span> <span class='ocrx_word' id='word_1_253' title='bbox 1047 1637 1190 1672; x_wconf 78' lang='lat' dir='ltr'><strong>resurgat</strong></span> <span class='ocrx_word' id='word_1_254' title='bbox 1201 1641 1212 1659; x_wconf 93' lang='lat'><em>:</em></span> <span class='ocrx_word' id='word_1_255' title='bbox 1231 1629 1385 1659; x_wconf 83' lang='lat' dir='ltr'><strong>admiran-</strong></span> 
     </span>
     <span class='ocr_line' id='line_1_46' title="bbox 817 1675 1387 1720; baseline -0.002 -14"><span class='ocrx_word' id='word_1_256' title='bbox 817 1676 857 1708; x_wconf 84' lang='lat' dir='ltr'><strong>da</strong></span> <span class='ocrx_word' id='word_1_257' title='bbox 873 1675 1012 1720; x_wconf 78' lang='grc' dir='ltr'>ἐνέργεια</span> <span class='ocrx_word' id='word_1_258' title='bbox 1024 1699 1032 1714; x_wconf 91' lang='grc'>,</span> <span class='ocrx_word' id='word_1_259' title='bbox 1045 1678 1080 1707; x_wconf 85' lang='lat' dir='ltr'><strong>in</strong></span> <span class='ocrx_word' id='word_1_260' title='bbox 1092 1675 1145 1706; x_wconf 62' lang='lat' dir='ltr'><strong>illa</strong></span> <span class='ocrx_word' id='word_1_261' title='bbox 1164 1675 1282 1716; x_wconf 84' lang='lat' dir='ltr'><strong>triplici</strong></span> <span class='ocrx_word' id='word_1_262' title='bbox 1298 1685 1387 1715; x_wconf 84' lang='lat' dir='ltr'><strong>repe-</strong></span> 
     </span>
     <span class='ocr_line' id='line_1_47' title="bbox 817 1721 1384 1761; baseline -0.004 -9"><span class='ocrx_word' id='word_1_263' title='bbox 817 1724 930 1753; x_wconf 80' lang='lat' dir='ltr'><strong>titione</strong></span> <span class='ocrx_word' id='word_1_264' title='bbox 947 1724 1037 1752; x_wconf 85' lang='lat' dir='ltr'><strong>istius</strong></span> <span class='ocrx_word' id='word_1_265' title='bbox 1059 1721 1219 1759; x_wconf 80' lang='lat' dir='ltr'><strong>adverbii,</strong></span> <span class='ocrx_word' id='word_1_266' title='bbox 1238 1721 1300 1757; x_wconf 76' lang='grc' dir='ltr'><strong>ῐὲν,</strong></span> <span class='ocrx_word' id='word_1_267' title='bbox 1320 1731 1384 1761; x_wconf 90' lang='lat' dir='ltr'><strong>quo</strong></span> 
     </span>
     <span class='ocr_line' id='line_1_48' title="bbox 818 1767 1384 1809; baseline -0.004 -11"><span class='ocrx_word' id='word_1_268' title='bbox 818 1769 1049 1809; x_wconf 80' lang='lat' dir='ltr'><strong>perseverantia</strong></span> <span class='ocrx_word' id='word_1_269' title='bbox 1068 1770 1088 1799; x_wconf 90' lang='lat' dir='ltr'><strong>J</strong></span> <span class='ocrx_word' id='word_1_270' title='bbox 1093 1769 1208 1798; x_wconf 78' lang='lat' dir='ltr'><strong>anonis</strong></span> <span class='ocrx_word' id='word_1_271' title='bbox 1225 1769 1260 1797; x_wconf 87' lang='lat' dir='ltr'><strong>in</strong></span> <span class='ocrx_word' id='word_1_272' title='bbox 1282 1767 1384 1796; x_wconf 88' lang='lat' dir='ltr'><strong>conti-</strong></span> 
     </span>
     <span class='ocr_line' id='line_1_49' title="bbox 818 1812 1385 1853; baseline -0.004 -9"><span class='ocrx_word' id='word_1_273' title='bbox 818 1814 948 1845; x_wconf 85' lang='lat' dir='ltr'><strong>nuando</strong></span> <span class='ocrx_word' id='word_1_274' title='bbox 971 1815 1075 1853; x_wconf 86' lang='lat' dir='ltr'><strong>Trojae</strong></span> <span class='ocrx_word' id='word_1_275' title='bbox 1100 1813 1224 1844; x_wconf 84' lang='lat' dir='ltr'><strong>excidio</strong></span> <span class='ocrx_word' id='word_1_276' title='bbox 1248 1812 1385 1843; x_wconf 75' lang='lat' dir='ltr'><strong>declara-</strong></span> 
     </span>
     <span class='ocr_line' id='line_1_50' title="bbox 818 1861 1386 1896; baseline -0.004 -6"><span class='ocrx_word' id='word_1_277' title='bbox 818 1867 881 1891; x_wconf 85' lang='lat' dir='ltr'><strong>tur.</strong></span> <span class='ocrx_word' id='word_1_278' title='bbox 897 1877 944 1884; x_wconf 91' lang='lat'><strong>—-</strong></span> <span class='ocrx_word' id='word_1_279' title='bbox 962 1861 1071 1890; x_wconf 73' lang='lat' dir='ltr'><strong>Marus</strong></span> <span class='ocrx_word' id='word_1_280' title='bbox 1093 1861 1208 1890; x_wconf 75' lang='grc' dir='ltr'><em>αὲησιις</em></span> <span class='ocrx_word' id='word_1_281' title='bbox 1222 1870 1233 1888; x_wconf 92' lang='grc'><strong>.·</strong></span> <span class='ocrx_word' id='word_1_282' title='bbox 1254 1869 1336 1896; x_wconf 85' lang='lat' dir='ltr'><strong>non,</strong></span> <span class='ocrx_word' id='word_1_283' title='bbox 1350 1865 1386 1888; x_wconf 86' lang='lat' dir='ltr'><strong>ut</strong></span> 
     </span>
     <span class='ocr_line' id='line_1_51' title="bbox 818 1904 1384 1947; baseline -0.005 -11"><span class='ocrx_word' id='word_1_284' title='bbox 818 1905 996 1946; x_wconf 58' lang='lat' dir='ltr'><strong>quondum,</strong></span> <span class='ocrx_word' id='word_1_285' title='bbox 1016 1905 1176 1947; x_wconf 77' lang='lat' dir='ltr'><strong>lapidibus</strong></span> <span class='ocrx_word' id='word_1_286' title='bbox 1202 1911 1233 1935; x_wconf 85' lang='lat' dir='ltr'><strong>et</strong></span> <span class='ocrx_word' id='word_1_287' title='bbox 1261 1904 1384 1935; x_wconf 83' lang='lat' dir='ltr'><strong>coctili-</strong></span> 
     </span>
     <span class='ocr_line' id='line_1_52' title="bbox 817 1950 1383 1988; baseline -0.005 -6"><span class='ocrx_word' id='word_1_288' title='bbox 817 1951 878 1982; x_wconf 83' lang='lat' dir='ltr'><strong>bus</strong></span> <span class='ocrx_word' id='word_1_289' title='bbox 891 1951 1043 1982; x_wconf 82' lang='lat' dir='ltr'><strong>lateribus</strong></span> <span class='ocrx_word' id='word_1_290' title='bbox 1059 1957 1221 1988; x_wconf 80' lang='lat' dir='ltr'><strong>constans,</strong></span> <span class='ocrx_word' id='word_1_291' title='bbox 1240 1950 1291 1980; x_wconf 87' lang='lat' dir='ltr'><strong>sed</strong></span> <span class='ocrx_word' id='word_1_292' title='bbox 1307 1961 1383 1987; x_wconf 86' lang='lat' dir='ltr'><strong>aere,</strong></span> 
     </span>
     <span class='ocr_line' id='line_1_53' title="bbox 817 1994 1382 2033; baseline -0.005 -5"><span class='ocrx_word' id='word_1_293' title='bbox 817 1999 943 2028; x_wconf 65' lang='lat' dir='ltr'><strong>materia</strong></span> <span class='ocrx_word' id='word_1_294' title='bbox 989 1999 1132 2028; x_wconf 88' lang='lat' dir='ltr'><strong>omnium</strong></span> <span class='ocrx_word' id='word_1_295' title='bbox 1174 1994 1358 2028; x_wconf 54' lang='lat' dir='ltr'><strong>solidissimi:</strong></span> <span class='ocrx_word' id='word_1_296' title='bbox 1374 2018 1382 2033; x_wconf 86' lang='lat'>‚</span> 
     </span>
     <span class='ocr_line' id='line_1_54' title="bbox 817 2043 960 2074; baseline 0 0"><span class='ocrx_word' id='word_1_297' title='bbox 817 2043 960 2074; x_wconf 84' lang='lat' dir='ltr'><strong>eductus.</strong></span> 
     </span>
    </p>

    <p class='ocr_par' dir='ltr' id='par_1_8' title="bbox 814 2087 1382 2221">
     <span class='ocr_line' id='line_1_55' title="bbox 866 2087 1381 2129; baseline -0.008 -8"><span class='ocrx_word' id='word_1_298' title='bbox 866 2101 916 2128; x_wconf 82' lang='lat'><strong>¹7·</strong></span> <span class='ocrx_word' id='word_1_299' title='bbox 941 2091 1015 2120; x_wconf 85' lang='lat' dir='ltr'><strong>Non</strong></span> <span class='ocrx_word' id='word_1_300' title='bbox 1042 2089 1110 2119; x_wconf 76' lang='lat' dir='ltr'><strong>haec</strong></span> <span class='ocrx_word' id='word_1_301' title='bbox 1129 2087 1251 2129; x_wconf 74' lang='lat' dir='ltr'><strong>jocosae</strong></span> <span class='ocrx_word' id='word_1_302' title='bbox 1269 2098 1381 2117; x_wconf 81' lang='lat' dir='ltr'><strong>conve-</strong></span> 
     </span>
     <span class='ocr_line' id='line_1_56' title="bbox 816 2133 1382 2175; baseline -0.007 -9"><span class='ocrx_word' id='word_1_303' title='bbox 816 2135 908 2166; x_wconf 78' lang='lat' dir='ltr'><strong>m&#39;unt</strong></span> <span class='ocrx_word' id='word_1_304' title='bbox 935 2136 1014 2175; x_wconf 82' lang='lat' dir='ltr'><strong>Iyrae</strong></span> <span class='ocrx_word' id='word_1_305' title='bbox 1032 2145 1044 2165; x_wconf 88' lang='lat'><em>:</em></span> <span class='ocrx_word' id='word_1_306' title='bbox 1068 2134 1171 2165; x_wconf 56' lang='lat' dir='ltr'><strong>subiti</strong></span> <span class='ocrx_word' id='word_1_307' title='bbox 1197 2133 1237 2164; x_wconf 85' lang='lat' dir='ltr'><strong>ad</strong></span> <span class='ocrx_word' id='word_1_308' title='bbox 1263 2143 1382 2163; x_wconf 80' lang='lat' dir='ltr'><strong>musam</strong></span> 
     </span>
     <span class='ocr_line' id='line_1_57' title="bbox 814 2181 1380 2221; baseline -0.005 -10"><span class='ocrx_word' id='word_1_309' title='bbox 814 2192 901 2213; x_wconf 84' lang='lat' dir='ltr'><strong>suam</strong></span> <span class='ocrx_word' id='word_1_310' title='bbox 921 2181 1146 2220; x_wconf 78' lang='lat' dir='ltr'><strong>conversione,</strong></span> <span class='ocrx_word' id='word_1_311' title='bbox 1164 2181 1317 2221; x_wconf 83' lang='lat' dir='ltr'><strong>impetum</strong></span> <span class='ocrx_word' id='word_1_312' title='bbox 1335 2189 1380 2209; x_wconf 81' lang='lat' dir='ltr'><strong>re—</strong></span> 
     </span>
    </p>
   </div>
  </div>
 </body>
</html>
