1456 2508
202 135 265 156 210

592 129 632 168 Q.
658 127 840 159 nonam
863 128 1016 160 ruem

408 186 543 229 Locas,
562 183 634 220 sub
652 183 777 234 ipsum
797 185 926 231 funus,
947 194 985 222 et
1003 185 1166 235 sepulcri

307 247 527 289 Immemor,
550 244 663 280 struis
683 243 834 292 domos,

414 304 610 353 Marisque
627 304 726 340 Baiis
746 304 1000 356 obstrepentis
1016 318 1128 358 urges
1364 323 1394 339 ευ

308 366 554 400 Summovere
572 363 700 400 littora
720 364 746 410 ⁶,

415 424 554 459 Parnm
576 422 744 472 locuples
763 423 977 461 continente
996 425 1090 475 ripa.

314 481 416 526 Quid
429 509 438 526 ‚
458 480 561 531 quod
581 490 594 512 7
614 495 734 530 usque
754 483 947 532 proximos

419 540 583 577 Revellis
600 541 680 589 agri
700 542 903 579 terminos?
921 550 958 579 et
977 542 1077 579 ultra

317 601 472 638 Limites
494 600 688 636 clientium

1370 611 1400 635 25

414 659 509 696 Salis
530 660 691 695 avarus?
711 659 869 696 Pellitur
888 668 1071 709 paternos

314 722 357 755 In
379 719 465 756 sinu
481 719 603 755 ferens
626 721 725 755 Deos
744 719 758 740 ¹¹²

416 781 462 815 Et
481 791 580 815 uxor
599 787 635 815 et
658 778 736 825 vir,
755 778 1005 828 sordidosque
1022 787 1141 817 natos.

312 838 425 877 Nulla
444 838 583 874 certior
598 838 722 873 tamen

417 897 578 946 Rapacis
595 897 686 933 Orci
703 896 790 933 sede
807 896 990 934 destinata
1371 909 1401 935 ει,

315 958 412 994 Aula
431 965 444 987 9
464 957 621 993 divitem
637 965 762 993 manet

423 1018 579 1052 Herum.
601 1015 704 1061 Quid
720 1016 820 1053 ultra
836 1016 982 1054 tendis?
997 1019 1119 1067 AEqua
1139 1018 1246 1056 tellus

211 1162 363 1194 conducis
379 1161 436 1202 qui
459 1159 518 1191 tibi
536 1170 691 1190 marmora
703 1170 776 1200 pre-

211 1209 376 1240 tiosissima
390 1207 562 1243 advehant,
579 1206 618 1236 ad
631 1205 779 1236 aedificio-

210 1266 283 1285 rum
304 1261 432 1284 tuorum
450 1259 650 1282 structuram.
674 1269 719 1275 ——-
737 1254 781 1282 Ec

212 1300 348 1341 sepulcri
361 1301 536 1330 Immemor
544 1298 636 1327 seruis
649 1298 758 1328 domos
769 1309 781 1328 .·

214 1346 309 1388 quam
334 1346 415 1376 beuta
446 1345 497 1375 hic
533 1344 693 1384 sepulcro,
709 1355 781 1385 quae

214 1403 280 1423 una
303 1399 334 1422 et
357 1393 470 1433 exigua
493 1390 580 1420 sedes
606 1391 780 1431 opulentis-

215 1441 331 1469 simum
351 1438 512 1468 homiuem
540 1443 662 1474 manet,
680 1447 781 1477 oppo-

215 1487 280 1523 nit,
297 1486 332 1515 in
350 1484 467 1524 plurali
481 1493 615 1513 numero
626 1505 634 1520 ,
649 1483 779 1518 domos,

217 1542 294 1572 quas
311 1532 441 1560 insanus
461 1529 514 1559 ille
535 1536 566 1558 et
586 1528 784 1569 improvidus

215 1576 343 1616 jamjam
357 1576 524 1606 relicturus
540 1576 603 1604 est!

264 1624 295 1653 6.
307 1621 471 1662 Mar-isque
484 1619 575 1650 Baiis
584 1619 785 1660 obstrepentis

218 1679 310 1711 urges
320 1670 521 1698 Summovere
534 1666 640 1696 littora
653 1677 663 1695 .·
678 1673 708 1695 et
726 1666 785 1695 fes-

218 1717 315 1751 tinas,
329 1713 423 1754 jactis
455 1712 488 1742 in
505 1712 605 1742 alcum
632 1711 781 1747 molibus,

217 1760 299 1792 infra
315 1759 366 1790 od.
384 1761 451 1796 III,
472 1769 484 1788 1
499 1781 507 1795 ‚
531 1759 572 1793 34
585 1779 594 1795 ,
623 1759 786 1787 contineu-

218 1815 281 1838 tem
300 1807 416 1846 ripam,
433 1803 593 1834 cumulato
609 1804 704 1842 mari,
721 1814 785 1833 am-

216 1851 368 1894 plilicare.

269 1910 299 1937 7.
323 1897 422 1939 Quid,
442 1896 529 1936 quod
543 1907 553 1925 .-
570 1907 629 1926 nec
647 1896 719 1926 satis
741 1902 787 1925 est

220 1944 427 1976 immoderato
441 1943 522 1972 luxu
535 1942 638 1972 solum
653 1941 691 1971 de
709 1943 787 1971 mari

219 2000 390 2031 usurpare3
408 1989 518 2026 majori
534 1988 667 2028 flagitio,
682 1988 787 2017 vicina

222 2037 363 2070 dominia
373 2033 683 2066 invadis.--—L1‘m1'tes
695 2033 789 2063 clien-

223 2085 298 2115 tium
312 2093 323 2112 .·
340 2082 468 2112 clientes
482 2082 565 2121 ipsos
576 2102 583 2116 ,
599 2090 694 2120 quos,
711 2090 787 2109 con-

223 2129 269 2162 tra
277 2129 424 2166 injustam
433 2127 673 2167 occupationem
686 2132 789 2165 prote-

222 2185 294 2220 gere
307 2175 341 2204 iu
357 2174 419 2204 tuis
438 2172 551 2203 officiis
564 2178 646 2209 erat,
661 2172 785 2212 spoliaS.

268 2221 299 2251 8.
327 2219 462 2250 Pellitur
483 2226 634 2260 paternos
649 2219 687 2248 ln
718 2217 786 2247 sinu

820 1159 934 1202 serens
947 1161 1033 1191 Deos
1042 1172 1052 1190 :
1061 1161 1245 1202 simpliciter
1258 1159 1396 1202 primum

830 1207 954 1245 injustae
973 1208 1111 1237 avaritiae
1125 1207 1256 1238 formam
1271 1219 1398 1249 expres-

831 1260 929 1290 serat3
944 1251 1031 1283 nuuc
1050 1264 1116 1283 eam
1138 1254 1348 1294 imaginibus,
1363 1261 1394 1284 et

832 1300 869 1328 iis
884 1299 923 1328 ad
939 1299 1182 1330 misericordiam
1197 1300 1400 1330 moventibus

834 1345 973 1375 adornat.
993 1347 1067 1376 Non
1085 1345 1168 1376 arida
1183 1352 1215 1376 et
1229 1346 1335 1385 jejuna
1355 1352 1400 1375 est

835 1398 937 1431 poetae
955 1393 1055 1421 nostri
1072 1391 1283 1432 philosophia.
1305 1391 1401 1422 Vides

835 1437 1003 1467 desolatam
1027 1436 1174 1468 familiam
1193 1437 1280 1468 lento
1302 1437 1401 1479 gradu

836 1482 853 1512 a
878 1484 968 1512 tectis
1000 1485 1139 1523 paternis
1170 1483 1332 1522 recedere,
1359 1493 1401 1514 ex

837 1529 985 1559 omnibus
1012 1539 1084 1569 quae
1116 1529 1297 1571 possidebat
1321 1528 1404 1560 nihil

837 1575 1049 1612 auferentem,
1064 1576 1125 1605 nisi
1147 1577 1238 1606 Lares
1259 1582 1291 1605 et
1314 1582 1403 1606 natos

836 1627 1019 1661 paupertate
1039 1621 1209 1662 squalidos.
1220 1621 1315 1652 Siccis
1328 1631 1404 1652 ocu-

836 1667 875 1696 lis
891 1677 1000 1696 avarus
1018 1667 1166 1706 pietatem
1185 1673 1216 1697 et
1234 1673 1400 1708 egestatem

839 1712 1087 1752 contemplatur,
1121 1723 1213 1753 quae,
1242 1713 1305 1743 tam
1333 1723 1401 1754 gra·

838 1758 930 1799 phiec
985 1757 1173 1799 descriptae,
1226 1758 1405 1800 legentibus

839 1802 932 1834 etiam
946 1804 1054 1833 invitis
1065 1804 1217 1845 lacrymas
1231 1804 1370 1835 eliciunt.

884 1860 915 1889 9.
934 1850 1036 1879 Nulla
1050 1849 1163 1880 certior
1176 1850 1282 1880 tamen
1300 1850 1379 1887 aula
1389 1861 1400 1880 :

840 1896 931 1935 quasi
950 1895 1066 1925 diceret
1085 1905 1093 1926 :
1117 1896 1242 1927 insane!
1257 1897 1323 1936 quo
1338 1895 1401 1926 tam

841 1941 977 1971 crudelia
1011 1941 1150 1972 facinora
1163 1943 1177 1972 Ρ
1206 1949 1244 1973 ut
1270 1943 1403 1972 incertas

841 1998 915 2027 opes
941 1987 1108 2028 adaugeas,
1129 1998 1206 2028 quas
1231 1998 1316 2018 mors
1343 1987 1403 2018 tibi

837 2033 901 2072 jam
916 2040 1060 2074 ereptura
1078 2039 1133 2064 est.
1143 2035 1251 2064 Unum
1260 2033 1319 2064 tibi
1335 2044 1400 2063 cer-

840 2086 907 2109 tum
920 2086 950 2109 et
963 2077 1128 2109 definitum
1141 2087 1187 2110 est
1195 2079 1401 2118 domicilium,

843 2126 940 2155 Orcus
968 2125 1086 2155 scilicet
1112 2136 1230 2166 rapax.
1251 2127 1326 2156 Haec
1349 2125 1402 2155 (le-

838 2170 926 2200 mum
935 2171 1014 2213 finis
1035 2171 1093 2201 tibi
1108 2171 1266 2202 destinata
1288 2177 1351 2209 est,
1369 2170 1402 2200 id

839 2224 899 2255 est,
920 2216 937 2247 a
951 2218 1026 2248 Fato
1050 2217 1224 2250 inevitabili
1240 2218 1403 2259 assignata.
