1456 2508
189 118 254 149 300
574 125 614 163 Q.
638 123 825 160 HORATu
846 123 997 156 FLAcci

185 236 344 248 §smssxz
348 237 405 248 mx*
413 237 531 251 mm
537 238 590 251 W!
594 238 1374 258 mwmguwwwsmsswttuwsusssum

447 380 618 437 ODE
663 382 1117 442 VIGESIMA

559 532 642 575 AD
675 535 989 578 PYRRHUM.

187 684 264 716 Ciam
279 683 418 725 Pyrrhus
429 685 559 726 quidam
578 686 759 717 Nearchum
770 710 780 724 ,
789 698 925 728 puerum
934 686 1217 730 formosissimum,
1237 688 1371 719 amasiae

228 748 293 768 suae
311 738 430 780 eripere
443 747 624 778 conaretur,
636 749 744 771 monet
757 751 827 771 eum
843 741 994 772 Horatius
1007 753 1071 772 rem
1082 752 1148 772 esse
1150 742 1294 784 periculo
1300 743 1371 783 ple-

229 803 316 830 nam,
335 792 398 823 ιἰηὸ
416 801 448 824 ec
462 793 529 824 sine
533 793 643 835 fructu
653 818 664 832 ,
680 795 767 836 qnod
779 795 925 836 superbus
940 796 995 826 ille
1004 806 1087 837 puer
1100 803 1262 827 amatores
1264 795 1365 838 fasti-

228 847 308 879 diat.
323 848 514 891 Argumenei
537 848 792 880 inverecundiam
816 847 974 892 allegor-id
993 850 1101 887 velat,
1125 850 1200 880 ditm
1220 850 1364 891 puellam

229 900 372 932 Nearchi
393 912 502 932 amore
513 902 676 943 perdicam
694 913 765 933 cum
783 901 888 934 lea-nli
903 910 1068 944 comparat
1076 913 1137 944 pro
1162 903 1276 933 catulis
1295 902 1366 933 ani-

229 954 316 984 mose
329 954 524 986 decertante.
540 957 650 985 Totum
665 956 746 986 vere*
758 966 886 986 carmen
899 956 920 986 ὰ
930 954 1030 997 Ροετᾶ
1042 956 1181 998 quodam
1190 966 1296 998 groeco
1312 967 1366 987 ex-

222 1017 365 1048 pressum
387 1007 455 1047 [ὲνὲ
475 1008 575 1038 verbo
596 1009 643 1039 ad
656 1009 787 1039 verbum
791 1008 896 1051 sitisse
909 1017 1066 1040 testantur
1072 1008 1205 1050 propria
1224 1016 1365 1040 actorum

231 1061 366 1093 nomina
377 1085 386 1103 ‚
401 1073 524 1093 necnon
541 1063 609 1104 ipsa
622 1062 769 1094 carminis
784 1063 931 1095 materies
949 1071 981 1095 et
992 1063 1155 1095 tractandi
1170 1062 1260 1094 racio.

287 1173 323 1209 N
326 1183 377 1211 01«
390 1171 495 1209 vides
514 1182 655 1222 quanto
673 1186 825 1211 moveas
847 1181 856 1197 ¹
874 1173 1016 1223 periclo

286 1228 448 1278 Pyrrhe,
464 1231 610 1267 Getulae
626 1231 770 1268 catulos
784 1231 930 1269 leaenae?

286 1290 393 1325 Dura
410 1297 496 1339 post
513 1288 628 1340 paulo
647 1289 766 1340 fugies
785 1290 948 1328 inaudax

523 1349 655 1386 Praelia
671 1359 803 1400 raptor
816 1378 826 1396 ‚

291 1409 419 1453 Quum
437 1421 507 1458 per
524 1407 716 1447 obstantes
731 1410 914 1459 juvenum
928 1417 1122 1456 catervas,
1351 1416 1366 1441 ⁵

237 1534 267 1555 1.
286 1525 415 1556 Moveas
430 1537 442 1556 .·
458 1525 476 1557 ξι
494 1526 593 1556 cubili
609 1536 754 1558 amovere

186 1577 298 1602 tentes.
323 1588 369 1594 —-
388 1571 512 1602 Getuloe
532 1573 644 1603 Ieaenoe
661 1583 672 1602 :
691 1573 753 1603 Ge-

189 1616 283 1654 tulia,
299 1627 371 1658 pars
386 1618 518 1656 Africae,
533 1629 603 1659 quae
626 1619 753 1655 leonum

188 1662 284 1693 arida
299 1663 430 1702 nutrix,
451 1663 547 1705 supra
563 1664 624 1696 Od.
644 1666 673 1702 1,
690 1675 749 1702 22,

193 1709 255 1747 153
274 1709 320 1739 sic
346 1715 378 1739 et
397 1710 530 1741 Getulus
551 1711 622 1748 leo,
638 1711 700 1742 Od.
716 1714 732 1742 1
743 1734 751 1750 ‚

190 1754 232 1784 23
245 1776 254 1793 ,
274 1765 325 1786 xo.
345 1771 393 1778 —-
411 1758 488 1786 Post
496 1757 597 1797 pauli>
614 1769 626 1787 :
643 1757 754 1799 allego-

185 1800 265 1830 riam
282 1801 426 1832 sustinet.
437 1804 504 1833 Vix
519 1802 752 1843 imprudentem

189 1856 318 1877 manum
333 1847 533 1878 ferocissimae
544 1849 652 1879 leaenae
665 1856 752 1879 catu-

186 1893 225 1922 lis
249 1892 444 1932 admoveris,
463 1895 576 1924 durum
600 1895 660 1925 tibi
668 1905 754 1935 proe-

187 1938 265 1968 Ιίιιιη
290 1939 467 1971 ineundum
491 1942 568 1978 erit,
583 1942 635 1971 cui
659 1947 753 1982 utpo-

187 1984 219 2014 ῐὲ
230 1985 325 2016 nimis
338 1987 454 2028 impar,
470 1986 601 2017 salutem
617 1994 705 2017 tuam
717 1988 753 2017 in

189 2030 299 2061 timida
315 2031 389 2072 fuga
402 2042 544 2074 quaerere
558 2032 690 2074 cogeris„
707 2049 747 2056 —

188 2077 342 2107 Inaudax
351 2087 363 2107 :
374 2078 455 2109 hanc
477 2089 586 2109 vocem
602 2077 753 2110 hactenns

187 2123 369 2154 inusitatam
380 2147 388 2162 ,
418 2131 450 2155 et
488 2123 646 2166 nusquam
678 2124 754 2155 alibi

187 2167 371 2208 adhibitam,
387 2170 404 2201 ὲ
418 2181 532 2212 graeco,
543 2168 676 2214 ἄτολμος
687 2194 695 2209 ,
709 2172 755 2202 vi-

186 2214 278 2244 detur
290 2222 451 2247 mutuatus
464 2217 557 2248 fuisse
570 2218 732 2248 Horatius.

855 1538 885 1558 a.
901 1529 966 1557 Per
978 1526 1136 1557 obstantes
1147 1524 1295 1567 juvenum
1314 1534 1367 1555 ca—

807 1581 907 1604 tervas
917 1584 928 1603 .·
943 1574 1149 1603 continuatur
1156 1571 1314 1612 allegoria;
1321 1571 1369 1610 ju-

807 1630 902 1649 venes
914 1620 970 1660 qui
992 1629 1114 1659 semper
1130 1617 1240 1659 aequali
1254 1627 1313 1648 suo
1328 1616 1370 1647 fa-

806 1673 883 1695 vent
900 1664 994 1706 (vide
1018 1664 1283 1706 elegantissimum
1309 1662 1368 1694 Ca-

806 1711 878 1742 tulli
895 1711 933 1741 de
953 1711 1075 1751 nuptiis
1089 1709 1201 1741 Manlii
1219 1715 1250 1739 et
1263 1709 1369 1740 Juniae

806 1757 1062 1798 epithalamium)
1077 1756 1130 1786 hic
1146 1761 1370 1796 comparantur

804 1810 993 1834 venatorum
1029 1809 1141 1833 turmae
1151 1824 1160 1841 ,
1183 1802 1240 1843 qui
1259 1802 1317 1832 uni
1351 1801 1369 1831 ὲ

805 1850 871 1879 suis
880 1849 897 1879 ἐι
904 1859 968 1890 quo
978 1849 1081 1890 primo
1091 1849 1156 1879 fera
1163 1848 1303 1878 lacessita
1311 1852 1368 1885 est,

807 1895 962 1925 auxilinm
993 1895 1088 1933 ferre,
1106 1895 1225 1933 junctis
1247 1893 1369 1924 viribus

806 1947 838 1972 et
857 1935 972 1971 lanceis
986 1946 1149 1982 apparant.
1168 1942 1245 1971 Fera
1264 1938 1367 1969 autem

805 1988 888 2018 inter
898 1993 1046 2017 armatam
1055 1986 1181 2016 turham
1190 1994 1368 2026 erumpem,

805 2043 872 2063 non
879 2031 985 2063 minus
993 2032 1105 2064 acriter
1114 2032 1291 2063 catulorum
1299 2040 1369 2061 suo-

805 2089 877 2109 rum
890 2086 1049 2119 raptorem
1061 2079 1241 2119 insequitur
1250 2099 1258 2114 ,
1269 2083 1311 2115 et,
1329 2086 1368 2108 οο

805 2123 991 2163 dilacerato,
1008 2125 1135 2156 dulcem
1154 2123 1291 2166 praedam
1308 2121 1369 2153 sibi

806 2178 945 2212 ereptam
964 2173 998 2202 in
1022 2170 1126 2202 cubile
1146 2180 1240 2201 suum
1261 2169 1368 2200 refert.

808 2219 858 2248 Sic
874 2224 905 2248 et
916 2217 1021 2258 puella
1032 2240 1040 2256 ,
1056 2217 1246 2257 contemptis
1255 2213 1372 2256 Pyrrhi
