1456 2508
647 105 768 137 VITA.
1304 106 1320 135 3

32 193 38 198 ›
95 165 245 207 nullam.
256 162 494 204 mentionem
521 163 696 202 habitam
724 164 778 201 ita
808 162 858 201 sit
886 170 1047 213 questus
1069 177 1078 200 :
1108 163 1238 200 Irasci
1266 177 1329 201 me

98 227 168 273 tibi?
181 227 276 264 scito
283 254 297 272 ‚
317 227 423 278 quod
442 227 482 263 in
489 226 690 276 plerisque
715 224 906 273 ejusmodi
920 224 1076 274 scr-&otis
1092 237 1327 274 mecumpo-

99 287 290 328 tissimum
315 289 499 340 loquaris.
516 290 580 326 An
598 287 766 332 vereris,
788 300 838 324 ne
853 287 964 336 apud
971 294 1154 336 posteros
1173 286 1247 323 tibi
1264 286 1329 322 in—

94 350 205 394 fame
218 351 288 399 sit,
306 353 414 402 quod
429 351 605 389 videaris
607 349 834 397 sarniliaris
847 350 959 386 nobis
978 350 1091 388 esse?
1107 349 1330 400 Expressit-

100 423 176 461 que
193 412 376 464 Eclogam
391 410 432 460 ²3,
451 415 560 464 cujus
580 411 734 449 initium
754 419 810 449 est
831 426 839 447 ε

270 515 354 548 Ciun
373 523 422 548 tot
438 517 598 547 sustineas
614 521 647 546 et
666 522 753 546 tanta
768 516 898 558 negotia
913 515 1001 546 solus
1015 526 1023 547 ε

270 574 334 604 Res
347 571 444 603 Italas
458 571 554 602 armis
568 571 700 609 tuteris,
717 569 864 601 moribus
883 581 996 609 ornes,

268 627 406 670 Legibus
418 626 568 658 emendes
585 636 593 658 ε
613 628 649 657 iu
665 626 800 668 publica
815 626 986 657 commoda
998 636 1149 668 peccem,

270 683 304 714 Si
315 681 416 724 longo
431 693 579 713 sermone
594 693 702 713 morer
719 689 774 713 tua
793 688 956 724 tempora,
975 683 1091 715 Caesar.

157 777 341 818 Horatius
370 777 510 816 habitu
537 777 716 829 corporis
746 777 878 816 brevis
910 777 1001 826 fuit,
1023 786 1139 828 atque
1160 776 1304 816 obesus
1326 794 1334 815 ς

96 838 227 892 ‘qualis
253 853 275 878 a
295 852 334 877 se
355 839 440 891 ipso
467 839 507 876 in
529 840 668 890 satyris
691 839 720 869 ¹4
741 838 996 886 describitur,
1016 847 1055 876 et
1076 838 1125 876 ab
1157 841 1337 890 Augusto

105 900 178 940 hac
196 901 359 953 epistola
380 916 388 938 ε
410 901 580 938 Pertulit
593 903 651 937 ad
663 915 726 938 me
743 900 957 950 Dionysius
973 900 1000 924 ¹5
1015 901 1185 937 libellum
1204 907 1313 936 tuum
1322 928 1334 945 ‚

38 970 53 982 '
103 977 217 1016 quem
233 977 323 1014 ego,
341 977 390 1000 ne
406 977 585 1000 accusem
599 964 844 1008 brevitatem,
862 965 1241 1013 quantuluscumque
1257 969 1335 1007 est,

20 1131 36 1138 s

18 2302 57 2331 D

12 2432 34 2508 l

105 1025 200 1063 boni
211 1027 376 1063 consulo.
405 1025 543 1062 Vereri
560 1033 692 1063 autem
710 1026 812 1062 mihi
830 1025 1001 1071 videris,
1026 1039 1075 1062 ne
1094 1026 1266 1072 majores
1290 1024 1338 1059 li—

106 1089 196 1126 belli
211 1089 269 1126 tui
282 1089 381 1134 sint,
396 1089 515 1139 quum
536 1089 619 1138 ipse
635 1101 687 1126 es.
703 1088 782 1125 Sed
795 1089 832 1124 si
847 1088 918 1123 tibi
930 1095 1083 1124 statura
1099 1088 1229 1132 deest,
1250 1098 1338 1123 cor-

101 1151 304 1199 pusculum
327 1163 405 1186 non
432 1151 550 1187 deest.
570 1149 710 1200 Itaque
736 1149 868 1186 licebit
892 1149 932 1185 in
957 1150 1172 1186 seoetariolo
1189 1147 1219 1170 ²⁶
1239 1149 1338 1184 scri-

108 1209 178 1246 bas
202 1222 215 1245 .·
238 1210 355 1260 quum
381 1211 567 1248 circuitus
584 1210 796 1247 voluminis
817 1211 875 1246 tui
897 1210 951 1246 sit
968 1211 1218 1261 ὄγκωδέςατος,
1239 1209 1339 1245 sicut

108 1278 169 1308 est
179 1273 387 1310 ventriculi
406 1273 472 1308 tui.
489 1272 597 1310 Vixit
614 1272 826 1323 plurimum
841 1272 880 1314 in
898 1284 1051 1310 secessu
1069 1270 1172 1308 ruris
1188 1270 1250 1309 sui
1270 1272 1336 1310 Sa-

107 1331 192 1371 bini
221 1341 287 1372 aut
310 1340 339 1365 ¹7
365 1332 566 1372 Tiburtini
592 1348 600 1371 z
623 1333 839 1385 domusque
868 1333 950 1384 ejus
983 1331 1204 1370 ostenditur
1236 1331 1339 1370 circa

107 1394 305 1434 Tiburtini
323 1396 507 1434 luculum.
523 1399 725 1434 Venerunt
742 1396 783 1433 in
800 1408 936 1433 manus
953 1404 991 1433 et
1007 1394 1115 1446 Elegi
1134 1393 1208 1433 sub
1226 1394 1339 1432 titulo

111 1457 215 1509 ejus,
235 1466 273 1496 et
293 1458 466 1510 Epistola
487 1460 606 1510 prosit
625 1457 820 1506 oratione,
839 1456 951 1508 quasi
971 1455 1277 1494 commendantis
1298 1470 1338 1494 se

111 1519 314 1558 Maecenati
340 1535 348 1557 :
370 1519 439 1558 sed
457 1528 623 1570 utraque
646 1518 738 1557 falsa
758 1527 867 1570 put0.
888 1520 988 1556 Nam
1008 1517 1117 1569 Elegi
1136 1519 1317 1570 vulgares
1330 1546 1341 1565 ,

113 1581 283 1634 Epistola
298 1582 415 1620 etiam
429 1581 596 1620 obscura
613 1597 620 1620 :
638 1594 716 1633 quo
731 1581 827 1619 vitio
847 1580 1010 1618 minime
1027 1579 1245 1618 tenebatur.
1262 1582 1341 1618 Na-

107 1652 176 1696 tus
205 1651 261 1682 est
289 1652 398 1682 sexto
430 1644 522 1682 Idus
548 1642 804 1691 Decembres,
835 1642 957 1680 Lucio
985 1644 1118 1690 Cotta,
1149 1651 1186 1680 et
1216 1642 1340 1681 Lucio

115 1705 339 1755 Torquato,
372 1704 608 1743 consulibus.
644 1704 819 1743 Decessit
847 1704 985 1755 quinto
1013 1703 1100 1741 Kal.
1128 1703 1338 1753 Decemb.‚

115 1765 208 1804 Caio
229 1766 377 1805 Marcio
405 1767 635 1814 Censorino,
671 1767 764 1804 Caio
784 1766 920 1804 Asinio
947 1765 1080 1813 Gallo,
1098 1765 1341 1814 consulibus,

115 1899 254 1940 bantur-3
268 1901 314 1932 sie
327 1901 394 1932 fere
408 1912 458 1944 ap.
475 1901 593 1934 Catull.
605 1903 681 1933 LIII
690 1925 699 1941 ‚

117 1947 154 1986 5,
172 1948 380 1990 salaputium.
391 1968 438 1973 -—-
456 1949 508 1982 13.
524 1949 696 1992 Eclogam,

115 1995 232 2037 nempe
256 1997 356 2038 Epist.
384 1998 435 2036 11,
463 2008 492 2029 1.
518 2015 565 2020 —
586 2004 638 2035 14.
661 1999 700 2028 In

115 2043 249 2083 saepis,
271 2045 335 2076 Sat.
355 2045 402 2082 ΙΙ,
425 2047 463 2083 3,
485 2045 564 2086 309.
578 2061 627 2069 —-
646 2045 698 2076 15.

116 2089 307 2131 Dionysius,
345 2101 456 2123 servus
484 2092 536 2123 vel
564 2092 701 2123 libertus

116 2138 269 2180 Augusti.
292 2155 340 2162 —-
369 2139 421 2171 16.
455 2141 495 2170 In
523 2139 701 2170 sextariolo

116 2184 271 2221 scribere,
300 2196 411 2216 sensus
430 2196 438 2218 ε
461 2187 574 2228 Itaque
590 2187 702 2218 licebit

117 2231 178 2263 tibi
201 2231 333 2274 quidem
353 2233 502 2264 breviore
525 2234 702 2265 voluminis

116 2278 220 2311 form&
234 2281 299 2319 uti,
315 2280 413 2312 modo
427 2281 534 2323 ipsum
547 2281 700 2313 volumen

755 1903 846 1943 aeque
873 1913 1013 1932 crassum
1042 1913 1080 1932 ac
1109 1902 1343 1944 corpusculum

755 1956 869 1987 tuum,
898 1951 949 1981 sit.
977 1950 1173 1988 Volumina,
1202 1957 1239 1980 ut
1269 1950 1344 1981 saus

756 2004 900 2035 constat,
933 1997 1217 2028 convolvebantur
1248 2008 1346 2039 super

756 2044 896 2082 bacillo,
914 2046 1008 2084 cujus
1035 2045 1177 2075 brevitas
1199 2044 1265 2083 jaim
1288 2056 1346 2087 per

756 2103 940 2122 mensuram
960 2091 1133 2123 sextat-ioli
1146 2091 1344 2134 designatur.

756 2132 1016 2184 ὀγκωδέςατος,
1045 2140 1270 2172 crassissimus.
1298 2157 1346 2164 —-

760 2197 812 2226 17-
842 2186 958 2217 Sabini
981 2195 1039 2218 aut
1065 2186 1224 2218 Tiburtini
1237 2198 1249 2218 .·
1268 2187 1343 2219 villa

755 2236 931 2266 Horatiana
947 2235 1063 2276 nempe
1078 2233 1123 2265 ita
1136 2235 1195 2264 sita
1214 2234 1292 2273 fuit,
1307 2242 1346 2266 ut

757 2281 820 2312 tium
841 2282 965 2313 Sabina
981 2282 1079 2324 quum
1103 2280 1270 2314 Tiburtina
1286 2293 1344 2313 vo-
