1456 2508
495 103 575 135 m-B.
598 103 650 135 111
675 101 764 134 ODE
788 101 832 132 V.

1210 105 1277 141 249

170 181 186 198 «
201 165 284 202 Nec
301 175 395 201 vera
410 161 552 209 virtus,
571 163 662 200 cum
680 158 797 198 semel
813 156 975 206 excidit,

173 241 189 259 α
206 225 324 262 Curat
342 221 481 274 reponi
495 219 766 259 deterioribus.
1250 226 1283 251 30

226 302 242 320 α
264 284 307 323 Si
322 292 468 335 pugnat
487 281 674 320 extricata
692 280 820 318 densis

281 363 297 381 α
315 348 439 383 Cerva
456 344 577 396 plagis
596 342 626 390 ⁸,
641 342 718 380 erit
735 342 799 380 ille
816 341 928 380 fortis

176 425 190 441 «
209 406 285 454 Qui
306 405 463 457 perfidis
482 418 522 442 se
541 403 706 442 credidit
722 402 918 448 hostibus;

175 486 191 502 «ι
211 469 259 505 Et
275 470 402 504 Marte
420 468 555 503 Poenos
572 473 746 515 proteret
763 463 886 501 altero
907 475 922 497 9

229 545 244 562 a
266 527 344 575 Qui
361 527 446 564 lora
464 526 649 564 restrictis
668 523 821 563 lacertis
1252 531 1287 556 ³⁵

281 607 297 624 «
313 588 440 628 Sensit
458 588 582 636 iners,
602 587 808 638 timuitque
827 594 991 624 mortem

177 666 192 683 «ι
210 647 309 688 Hinc
322 678 334 697 ,
353 649 455 688 unde
470 649 593 687 vitam
610 656 779 686 sumeret
797 648 923 699 aptius
938 651 984 695 ιο;

179 729 195 746 «
212 715 350 750 Pacem
369 710 497 749 duello
522 710 692 750 miscuit!
714 712 749 749 Ο
767 710 897 762 pudor
914 710 965 746 ¹¹!

70 843 134 875 que
166 831 302 863 amissos
337 831 461 862 colores
479 832 576 862 Lana
605 841 651 861 re-

59 879 135 922 firt
147 890 160 910 :
181 886 220 910 ut
234 879 309 910 lana
323 878 422 910 semel
437 878 548 909 alienis
565 877 652 909 colo-

70 927 162 958 ribus
185 927 302 965 tincta,
321 924 490 968 nunquam
510 925 649 967 primiti-

69 984 151 1006 vum
175 973 319 1005 colorem
346 974 481 1014 recipit,
497 973 563 1011 sic,
587 979 648 1004 etc.

73 1022 204 1052 —Nec
228 1020 328 1052 Curae
352 1019 466 1062 reponi
486 1019 652 1051 deteriori-

71 1067 128 1099 bus
151 1078 164 1099 .·
188 1067 382 1111 dedignatur
412 1069 448 1098 in
478 1067 651 1110 degeneres

72 1116 197 1147 animos
212 1113 323 1147 rursus
336 1122 514 1157 penetrare.
533 1113 651 1145 L'lzon-

72 1172 156 1194 near
167 1170 216 1193 est
227 1173 352 1194 comme
365 1173 429 1192 une
445 1159 488 1192 {se
501 1161 652 1203 escarpe'e

73 1217 106 1241 et
116 1220 194 1240 sans
217 1209 331 1247 bot-ds,
349 1209 402 1239 On
419 1210 479 1249 η’]
485 1216 568 1250 peut
576 1209 653 1249 plus

71 1264 198 1288 mutter
210 1257 267 1288 des
278 1257 378 1299 qu'on
394 1266 435 1286 en
457 1263 506 1286 est
523 1254 650 1287 dehors.

72 1303 144 1336 Bol.

121 1351 155 1382 8.
171 1349 208 1382 Si
214 1358 347 1393 pugnat
365 1349 528 1381 extricata
545 1348 653 1380 densis

76 1398 176 1431 Cerva
210 1397 324 1440 plagis
349 1409 360 1427 .·
395 1407 490 1428 cerva
503 1420 512 1436 ‚
535 1397 653 1427 animal

73 1443 188 1487 suapte
202 1443 318 1476 natura
333 1444 501 1482 timidum,
517 1445 545 1475 si
556 1443 654 1474 semel

75 1491 96 1524 ὲ
108 1491 232 1523 retibus
246 1502 313 1523 sese
326 1491 511 1533 expedivit,
529 1492 654 1532 pericu-

74 1538 109 1572 lo
125 1539 198 1582 ipso
210 1538 229 1570 a
244 1550 311 1581 qno
327 1540 428 1570 evasit
446 1539 654 1569 timiditatem

74 1587 216 1619 nativam
245 1587 356 1628 augeri
382 1588 496 1624 sentit,
514 1592 546 1617 et
570 1586 655 1627 rapi-

75 1633 168 1665 dioro
193 1633 268 1676 fugi
278 1656 287 1672 ,
303 1635 398 1664 novis
422 1633 574 1675 periculis
589 1643 656 1663 sese

76 1680 258 1719 subtrahit,
272 1679 395 1711 nedum
407 1681 462 1711 illa
475 1681 629 1711 lacessere
642 1703 652 1719 ‚

75 1727 252 1770 pugnando
273 1726 426 1759 adversius
450 1734 635 1758 venatorem
647 1750 655 1766 ,

77 1774 204 1807 audeat.

123 1832 157 1863 9.
176 1822 285 1852 Marte
302 1821 407 1852 altero
422 1833 434 1851 :
454 1822 553 1853 altero
576 1832 657 1862 prae-

77 1867 192 1899 li0.-
208 1867 272 1910 Qui
287 1867 359 1899 lora
378 1868 527 1900 restrictis
555 1868 656 1899 Iacer-

79 1914 145 1946 tis.-
167 1916 227 1946 vix
249 1915 451 1947 excusandus
476 1923 580 1954 vates,
598 1917 656 1957 qui

78 1961 221 1993 eamdem
244 1963 416 2004 imaginem
440 1963 537 2005 supra
551 1963 656 1993 multo

79 2007 219 2040 vividius
235 2009 392 2051 depictam
402 2034 412 2049 ‚
433 2009 523 2041 nunc
541 2010 655 2041 iisdem

79 2055 145 2086 fere
163 2056 270 2087 verbis
288 2064 430 2100 repetere
445 2065 477 2088 et
492 2064 656 2088 attenuare

81 2102 219 2135 videtur.

131 2161 184 2182 1o.
203 2149 383 2193 Timuitque
400 2159 532 2182 mortem
547 2150 653 2189 Hinc,

80 2197 168 2228 unde
207 2197 314 2229 vitam
349 2206 487 2229 sumeret
526 2198 632 2240 aptius
643 2210 656 2230 .·

77 2243 161 2276 hanc
183 2244 355 2279 lectionem
373 2245 391 2277 a
407 2246 570 2288 stephano
590 2247 657 2288 pri-

703 827 795 861 mum
823 830 910 872 typis
943 827 1148 868 mandatam,
1174 827 1286 860 decem

704 877 893 915 codicibus,
910 877 938 908 si
957 875 1119 908 sanadoni
1139 882 1172 907 et
1189 877 1287 908 Bent-

701 925 767 956 leio
799 924 930 963 credas,
949 922 1193 963 confirmatam,
1212 933 1287 954 cum

701 983 798 1004 sensu
813 971 929 1003 melius
951 982 1148 1014 congruam,
1164 972 1287 1002 servari

703 1021 740 1050 in
762 1018 822 1050 hac
843 1018 953 1050 nostrai
976 1019 1120 1051 editione
1152 1018 1286 1061 placuit.

703 1069 820 1099 Sensus
838 1074 886 1098 est
900 1075 908 1098 :
923 1067 1052 1098 miscuit
1065 1067 1156 1098 miles
1171 1068 1289 1098 Roma-

703 1124 766 1144 nus
792 1124 906 1155 pacem
927 1114 1032 1152 bello,
1052 1114 1070 1145 ὲ
1087 1124 1154 1155 quo
1181 1113 1288 1145 tamen

704 1159 820 1192 melius
843 1162 942 1192 vitam
958 1171 1086 1192 sumere
1109 1162 1288 1203 potuisset3

704 1207 781 1239 nam
819 1209 902 1250 saepe
943 1207 1122 1250 pugnando
1160 1207 1289 1240 fortiter

704 1255 785 1286 salvi
802 1256 967 1294 evadunt,
984 1256 1043 1298 qui
1054 1278 1063 1293 ,
1083 1255 1223 1298 turpiter
1239 1265 1289 1286 ar-

704 1313 755 1334 ma
785 1302 1002 1345 deponentes,
1031 1303 1131 1334 vitam
1154 1301 1290 1344 quidem

706 1350 864 1389 retinent,
881 1350 939 1382 sed
954 1351 1053 1381 vitam
1066 1350 1220 1381 servitute
1234 1348 1290 1380 de-

707 1397 887 1436 formatam,
898 1398 952 1428 cui
965 1397 1200 1439 qualecumque
1208 1406 1293 1428 mor-

707 1445 748 1474 tis
764 1455 865 1486 genus
885 1443 1150 1486 anteponendum
1172 1450 1231 1476 est.
1245 1461 1292 1468 —-

707 1493 829 1522 Pacem
854 1492 964 1523 duello
989 1491 1117 1522 miscuit
1130 1502 1141 1521 .·
1170 1490 1291 1522 bellum

707 1549 769 1580 pro
802 1529 923 1570 duello‘
947 1539 1032 1571 facili
1067 1539 1292 1570 contractione

709 1585 866 1616 dixerunt
895 1593 1028 1618 veteres.
1057 1586 1155 1618 Unde
1179 1586 1292 1618 Cicero

708 1633 744 1663 in
774 1635 910 1664 Oratore
939 1644 948 1666 τ
987 1632 1129 1675 Antiqui
1158 1632 1293 1665 nomina

708 1678 962 1717 contrahebant,
993 1681 1058 1722 qui)
1090 1680 1221 1722 aptiora
1246 1692 1293 1712 es-

709 1734 799 1763 sent,
813 1734 847 1757 uc
860 1728 1033 1765 Duellum,
1052 1728 1194 1759 Bellum.
1204 1728 1292 1760 Bella

709 1774 796 1805 enim
822 1775 959 1805 totidem
977 1775 1083 1806 duella
1104 1782 1201 1814 sunt,
1218 1774 1292 1806 eum

709 1821 796 1852 inter
819 1821 901 1853 duos
921 1823 1064 1864 populos
1077 1846 1086 1862 ‚
1101 1822 1185 1853 inter
1210 1821 1293 1854 duos

710 1870 877 1911 oppositos
895 1871 1059 1901 exercitus
1072 1877 1236 1913 gerantur.

761 1926 814 1947 11.
841 1918 870 1947 Ο
889 1916 1021 1958 pudor!
1037 1916 1059 1947 ὅ
1073 1928 1196 1959 magna
1218 1917 1294 1948 Car-

709 1961 834 2005 thago!
856 1965 1053 2006 exquisitum
1078 1965 1294 2005 perorationis

709 2010 913 2052 exemplum!
929 2011 1063 2042 honoris
1077 2010 1227 2042 affectum
1241 2022 1295 2042 ex-

710 2059 788 2088 citat
810 2066 920 2090 orator
931 2082 940 2096 ‚
956 2069 1015 2100 per
1034 2058 1118 2089 hanc
1133 2058 1292 2089 exclama-

710 2106 833 2135 tionem
845 2129 854 2144 ‚
874 2104 896 2136 ὅ
910 2106 1042 2147 pudor!
1059 2105 1171 2136 odium
1197 2116 1293 2136 reno-

711 2158 765 2182 vat
794 2152 908 2183 contra
926 2152 1152 2194 Carthaginem
1165 2175 1175 2191 ,
1191 2150 1294 2184 serius

710 2198 803 2230 ocius
828 2199 846 2230 a
872 2199 975 2232 Roma
1004 2199 1197 2238 delendam,
1214 2198 1293 2231 dnm

711 2246 799 2277 illam
829 2245 975 2290 effingit,
1009 2246 1101 2279 Italia
1118 2270 1128 2288 ,
1161 2247 1197 2278 id
1230 2253 1296 2285 est,
