<?xml version="1.0" encoding="UTF-8"?>
<!DOCTYPE html PUBLIC "-//W3C//DTD XHTML 1.0 Transitional//EN"
    "http://www.w3.org/TR/xhtml1/DTD/xhtml1-transitional.dtd">
<html xmlns="http://www.w3.org/1999/xhtml" xml:lang="en" lang="en">
 <head>
  <title>
</title>
<meta http-equiv="Content-Type" content="text/html;charset=utf-8" />
  <meta name='ocr-system' content='tesseract 3.04.00' />
  <meta name='ocr-capabilities' content='ocr_page ocr_carea ocr_par ocr_line ocrx_word'/>
</head>
<body>
  <div class='ocr_page' id='page_1' title='image "./quintushoratiusf01horauoft_0289.png"; bbox 0 0 1456 2508; ppageno 0'>
   <div class='ocr_carea' id='block_1_1' title="bbox 189 132 1302 919">
    <p class='ocr_par' dir='ltr' id='par_1_1' title="bbox 189 132 1302 919">
     <span class='ocr_line' id='line_1_1' title="bbox 536 132 1300 170; baseline -0.01 0"><span class='ocrx_word' id='word_1_1' title='bbox 536 139 614 170; x_wconf 83' lang='lat' dir='ltr'><strong>LIB.</strong></span> <span class='ocrx_word' id='word_1_2' title='bbox 640 138 691 168; x_wconf 90' lang='lat'>111</span> <span class='ocrx_word' id='word_1_3' title='bbox 715 137 803 168; x_wconf 88' lang='lat' dir='ltr'>ODE</span> <span class='ocrx_word' id='word_1_4' title='bbox 827 137 887 168; x_wconf 86' lang='lat' dir='ltr'>VI.</span> <span class='ocrx_word' id='word_1_5' title='bbox 1235 132 1300 162; x_wconf 76' lang='lat'>255</span> 
     </span>
     <span class='ocr_line' id='line_1_2' title="bbox 244 191 876 248; baseline -0.014 -9"><span class='ocrx_word' id='word_1_6' title='bbox 244 199 316 239; x_wconf 88' lang='lat' dir='ltr'>Cui</span> <span class='ocrx_word' id='word_1_7' title='bbox 335 198 452 237; x_wconf 85' lang='lat' dir='ltr'>donet</span> <span class='ocrx_word' id='word_1_8' title='bbox 469 195 714 248; x_wconf 90' lang='lat' dir='ltr'>impermissa</span> <span class='ocrx_word' id='word_1_9' title='bbox 733 191 876 244; x_wconf 84' lang='lat' dir='ltr'>raptim</span> 
     </span>
     <span class='ocr_line' id='line_1_3' title="bbox 295 253 899 306; baseline -0.015 -7"><span class='ocrx_word' id='word_1_10' title='bbox 295 259 448 300; x_wconf 88' lang='lat' dir='ltr'>Gaudia</span> <span class='ocrx_word' id='word_1_11' title='bbox 462 287 472 306; x_wconf 95' lang='lat'>,</span> <span class='ocrx_word' id='word_1_12' title='bbox 490 255 700 296; x_wconf 85' lang='lat' dir='ltr'>luminibus</span> <span class='ocrx_word' id='word_1_13' title='bbox 717 253 874 292; x_wconf 89' lang='lat' dir='ltr'>remotis</span> <span class='ocrx_word' id='word_1_14' title='bbox 889 268 899 301; x_wconf 83' lang='lat'><em>3</em></span> 
     </span>
     <span class='ocr_line' id='line_1_4' title="bbox 191 313 953 373; baseline -0.012 -13"><span class='ocrx_word' id='word_1_15' title='bbox 191 320 268 360; x_wconf 91' lang='lat' dir='ltr'>Sed</span> <span class='ocrx_word' id='word_1_16' title='bbox 285 322 391 373; x_wconf 84' lang='lat' dir='ltr'>jussa</span> <span class='ocrx_word' id='word_1_17' title='bbox 408 320 539 358; x_wconf 68' lang='lat' dir='ltr'>coram</span> <span class='ocrx_word' id='word_1_18' title='bbox 559 317 587 366; x_wconf 76' lang='lat'>⁸,</span> <span class='ocrx_word' id='word_1_19' title='bbox 603 330 683 354; x_wconf 86' lang='lat' dir='ltr'>non</span> <span class='ocrx_word' id='word_1_20' title='bbox 697 315 780 354; x_wconf 90' lang='lat' dir='ltr'>sine</span> <span class='ocrx_word' id='word_1_21' title='bbox 798 313 953 353; x_wconf 87' lang='lat' dir='ltr'>conscio</span> 
     </span>
     <span class='ocr_line' id='line_1_5' title="bbox 191 376 1298 434; baseline -0.014 -13"><span class='ocrx_word' id='word_1_22' title='bbox 191 382 324 434; x_wconf 84' lang='lat' dir='ltr'>Surgit</span> <span class='ocrx_word' id='word_1_23' title='bbox 341 381 481 420; x_wconf 85' lang='lat' dir='ltr'>marito</span> <span class='ocrx_word' id='word_1_24' title='bbox 492 409 503 428; x_wconf 90' lang='lat'>,</span> <span class='ocrx_word' id='word_1_25' title='bbox 521 393 590 418; x_wconf 91' lang='lat' dir='ltr'>seu</span> <span class='ocrx_word' id='word_1_26' title='bbox 608 386 721 417; x_wconf 87' lang='lat' dir='ltr'>vocat</span> <span class='ocrx_word' id='word_1_27' title='bbox 738 376 913 424; x_wconf 82' lang='lat' dir='ltr'>institor,</span> <span class='ocrx_word' id='word_1_28' title='bbox 1268 381 1298 405; x_wconf 85' lang='lat'>30</span> 
     </span>
     <span class='ocr_line' id='line_1_6' title="bbox 246 439 873 493; baseline -0.011 -11"><span class='ocrx_word' id='word_1_29' title='bbox 246 445 325 482; x_wconf 89' lang='lat' dir='ltr'>Seu</span> <span class='ocrx_word' id='word_1_30' title='bbox 342 443 453 481; x_wconf 85' lang='lat' dir='ltr'>navis</span> <span class='ocrx_word' id='word_1_31' title='bbox 470 441 652 493; x_wconf 86' lang='lat' dir='ltr'>Hispanae</span> <span class='ocrx_word' id='word_1_32' title='bbox 671 439 873 490; x_wconf 83' lang='lat' dir='ltr'>magister,</span> 
     </span>
     <span class='ocr_line' id='line_1_7' title="bbox 297 501 938 553; baseline -0.014 -10"><span class='ocrx_word' id='word_1_33' title='bbox 297 505 543 543; x_wconf 88' lang='lat' dir='ltr'>Dedecorum</span> <span class='ocrx_word' id='word_1_34' title='bbox 561 501 753 553; x_wconf 86' lang='lat' dir='ltr'>pretiosus</span> <span class='ocrx_word' id='word_1_35' title='bbox 774 508 938 550; x_wconf 78' lang='lat' dir='ltr'><strong>emptor.</strong></span> 
     </span>
     <span class='ocr_line' id='line_1_8' title="bbox 189 561 899 617; baseline -0.008 -14"><span class='ocrx_word' id='word_1_36' title='bbox 189 568 278 604; x_wconf 89' lang='lat' dir='ltr'>Nou</span> <span class='ocrx_word' id='word_1_37' title='bbox 296 565 356 603; x_wconf 88' lang='lat' dir='ltr'>his</span> <span class='ocrx_word' id='word_1_38' title='bbox 371 566 554 617; x_wconf 87' lang='lat' dir='ltr'>juventus</span> <span class='ocrx_word' id='word_1_39' title='bbox 571 572 656 601; x_wconf 86' lang='lat' dir='ltr'>orta</span> <span class='ocrx_word' id='word_1_40' title='bbox 671 561 899 614; x_wconf 84' lang='lat' dir='ltr'>parentibus</span> 
     </span>
     <span class='ocr_line' id='line_1_9' title="bbox 190 623 898 677; baseline -0.008 -12"><span class='ocrx_word' id='word_1_41' title='bbox 190 627 327 665; x_wconf 88' lang='lat' dir='ltr'>Infecit</span> <span class='ocrx_word' id='word_1_42' title='bbox 343 639 478 677; x_wconf 86' lang='lat' dir='ltr'>aequor</span> <span class='ocrx_word' id='word_1_43' title='bbox 496 625 679 676; x_wconf 85' lang='lat' dir='ltr'>sanguine</span> <span class='ocrx_word' id='word_1_44' title='bbox 699 623 845 661; x_wconf 87' lang='lat' dir='ltr'>Punico</span> <span class='ocrx_word' id='word_1_45' title='bbox 871 629 898 669; x_wconf 88' lang='lat'>⁹,</span> 
     </span>
     <span class='ocr_line' id='line_1_10' title="bbox 243 682 1302 739; baseline -0.01 -13"><span class='ocrx_word' id='word_1_46' title='bbox 243 687 531 739; x_wconf 83' lang='lat' dir='ltr'>Pyrrhumque,</span> <span class='ocrx_word' id='word_1_47' title='bbox 549 694 587 724; x_wconf 89' lang='lat' dir='ltr'>et</span> <span class='ocrx_word' id='word_1_48' title='bbox 604 686 795 737; x_wconf 83' lang='lat' dir='ltr'>ingentem</span> <span class='ocrx_word' id='word_1_49' title='bbox 815 682 954 722; x_wconf 87' lang='lat' dir='ltr'>cecidit</span> <span class='ocrx_word' id='word_1_50' title='bbox 1274 690 1302 715; x_wconf 74' lang='lat'>35</span> 
     </span>
     <span class='ocr_line' id='line_1_11' title="bbox 295 743 1087 796; baseline -0.008 -10"><span class='ocrx_word' id='word_1_51' title='bbox 295 748 530 786; x_wconf 85' lang='lat' dir='ltr'>Antiochum</span> <span class='ocrx_word' id='word_1_52' title='bbox 541 776 551 794; x_wconf 92' lang='lat'>,</span> <span class='ocrx_word' id='word_1_53' title='bbox 567 746 900 796; x_wconf 83' lang='lat' dir='ltr'>Hannibalemque</span> <span class='ocrx_word' id='word_1_54' title='bbox 917 743 1057 782; x_wconf 85' lang='lat' dir='ltr'>durum</span> <span class='ocrx_word' id='word_1_55' title='bbox 1078 759 1087 790; x_wconf 79' lang='lat'><em>3</em></span> 
     </span>
     <span class='ocr_line' id='line_1_12' title="bbox 189 807 883 849; baseline -0.006 -1"><span class='ocrx_word' id='word_1_56' title='bbox 189 808 265 849; x_wconf 81' lang='lat' dir='ltr'>sed</span> <span class='ocrx_word' id='word_1_57' title='bbox 281 810 516 848; x_wconf 85' lang='lat' dir='ltr'>rusticorum</span> <span class='ocrx_word' id='word_1_58' title='bbox 533 808 701 846; x_wconf 88' lang='lat' dir='ltr'>mascula</span> <span class='ocrx_word' id='word_1_59' title='bbox 718 807 883 845; x_wconf 88' lang='lat' dir='ltr'>militum</span> 
     </span>
     <span class='ocr_line' id='line_1_13' title="bbox 190 867 916 919; baseline -0.004 -11"><span class='ocrx_word' id='word_1_60' title='bbox 190 869 319 909; x_wconf 87' lang='lat' dir='ltr'>Proles</span> <span class='ocrx_word' id='word_1_61' title='bbox 343 877 385 919; x_wconf 82' lang='lat'>¹0,</span> <span class='ocrx_word' id='word_1_62' title='bbox 407 868 570 910; x_wconf 85' lang='lat' dir='ltr'>Sabellis</span> <span class='ocrx_word' id='word_1_63' title='bbox 586 869 700 907; x_wconf 89' lang='lat' dir='ltr'>docta</span> <span class='ocrx_word' id='word_1_64' title='bbox 720 867 916 919; x_wconf 82' lang='lat' dir='ltr'>ligonibus</span> 
     </span>
    </p>
   </div>
   <div class='ocr_carea' id='block_1_2' title="bbox 52 1004 673 2321">
    <p class='ocr_par' dir='ltr' id='par_1_2' title="bbox 52 1004 670 1614">
     <span class='ocr_line' id='line_1_14' title="bbox 84 1004 665 1049; baseline -0.005 -12"><span class='ocrx_word' id='word_1_65' title='bbox 84 1004 272 1048; x_wconf 82' lang='lat' dir='ltr'>pudentiam</span> <span class='ocrx_word' id='word_1_66' title='bbox 286 1004 527 1049; x_wconf 86' lang='lat' dir='ltr'>ignobilemque</span> <span class='ocrx_word' id='word_1_67' title='bbox 547 1004 665 1045; x_wconf 82' lang='lat' dir='ltr'>rapaci-</span> 
     </span>
     <span class='ocr_line' id='line_1_15' title="bbox 85 1050 662 1094; baseline -0.005 -10"><span class='ocrx_word' id='word_1_68' title='bbox 85 1059 183 1084; x_wconf 77' lang='lat' dir='ltr'>tatem</span> <span class='ocrx_word' id='word_1_69' title='bbox 207 1052 416 1085; x_wconf 71' lang='lat' dir='ltr'>accumulata.</span> <span class='ocrx_word' id='word_1_70' title='bbox 443 1053 520 1083; x_wconf 81' lang='lat' dir='ltr'>Non</span> <span class='ocrx_word' id='word_1_71' title='bbox 554 1050 662 1094; x_wconf 79' lang='lat' dir='ltr'>eligit,</span> 
     </span>
     <span class='ocr_line' id='line_1_16' title="bbox 83 1099 667 1140; baseline -0.007 -9"><span class='ocrx_word' id='word_1_72' title='bbox 83 1099 119 1131; x_wconf 88' lang='lat' dir='ltr'>id</span> <span class='ocrx_word' id='word_1_73' title='bbox 135 1106 183 1132; x_wconf 78' lang='lat' dir='ltr'>est</span> <span class='ocrx_word' id='word_1_74' title='bbox 192 1124 202 1140; x_wconf 92' lang='lat'>,</span> <span class='ocrx_word' id='word_1_75' title='bbox 217 1111 288 1134; x_wconf 84' lang='lat' dir='ltr'>non</span> <span class='ocrx_word' id='word_1_76' title='bbox 302 1101 445 1131; x_wconf 86' lang='lat' dir='ltr'>animum</span> <span class='ocrx_word' id='word_1_77' title='bbox 457 1109 553 1129; x_wconf 89' lang='lat' dir='ltr'>suum</span> <span class='ocrx_word' id='word_1_78' title='bbox 571 1099 667 1128; x_wconf 85' lang='lat' dir='ltr'>inter-</span> 
     </span>
     <span class='ocr_line' id='line_1_17' title="bbox 83 1145 668 1190; baseline -0.007 -11"><span class='ocrx_word' id='word_1_79' title='bbox 83 1153 176 1190; x_wconf 79' lang='lat' dir='ltr'>rogat</span> <span class='ocrx_word' id='word_1_80' title='bbox 204 1148 282 1190; x_wconf 70' lang='lat' dir='ltr'>quis</span> <span class='ocrx_word' id='word_1_81' title='bbox 310 1147 396 1178; x_wconf 83' lang='lat' dir='ltr'>inter</span> <span class='ocrx_word' id='word_1_82' title='bbox 420 1148 573 1178; x_wconf 82' lang='lat' dir='ltr'>convivas</span> <span class='ocrx_word' id='word_1_83' title='bbox 605 1145 668 1175; x_wconf 87' lang='lat' dir='ltr'>sibi</span> 
     </span>
     <span class='ocr_line' id='line_1_18' title="bbox 85 1191 668 1237; baseline -0.007 -11"><span class='ocrx_word' id='word_1_84' title='bbox 85 1195 224 1226; x_wconf 69' lang='lat' dir='ltr'>maxime</span> <span class='ocrx_word' id='word_1_85' title='bbox 257 1194 400 1237; x_wconf 82' lang='lat' dir='ltr'>placeat,</span> <span class='ocrx_word' id='word_1_86' title='bbox 430 1193 483 1224; x_wconf 85' lang='lat' dir='ltr'>cui</span> <span class='ocrx_word' id='word_1_87' title='bbox 511 1191 668 1224; x_wconf 87' lang='lat' dir='ltr'>concedat</span> 
     </span>
     <span class='ocr_line' id='line_1_19' title="bbox 84 1237 666 1285; baseline -0.005 -13"><span class='ocrx_word' id='word_1_88' title='bbox 84 1240 205 1284; x_wconf 74' lang='lat' dir='ltr'>raptim</span> <span class='ocrx_word' id='word_1_89' title='bbox 228 1241 381 1285; x_wconf 73' lang='lat' dir='ltr'>(gallice,</span> <span class='ocrx_word' id='word_1_90' title='bbox 400 1239 422 1271; x_wconf 81' lang='grc' dir='ltr'><em>ὰ</em></span> <span class='ocrx_word' id='word_1_91' title='bbox 448 1240 484 1272; x_wconf 89' lang='lat' dir='ltr'>la</span> <span class='ocrx_word' id='word_1_92' title='bbox 507 1237 666 1280; x_wconf 85' lang='lat' dir='ltr'>de&#39;robe&#39;e)</span> 
     </span>
     <span class='ocr_line' id='line_1_20' title="bbox 84 1286 668 1332; baseline -0.007 -12"><span class='ocrx_word' id='word_1_93' title='bbox 84 1288 286 1331; x_wconf 75' lang='lat' dir='ltr'>imper-missa</span> <span class='ocrx_word' id='word_1_94' title='bbox 298 1286 443 1332; x_wconf 79' lang='lat' dir='ltr'>gaudia,</span> <span class='ocrx_word' id='word_1_95' title='bbox 461 1287 589 1317; x_wconf 85' lang='lat' dir='ltr'>illicitas</span> <span class='ocrx_word' id='word_1_96' title='bbox 603 1293 668 1316; x_wconf 90' lang='lat' dir='ltr'>stu-</span> 
     </span>
     <span class='ocr_line' id='line_1_21' title="bbox 83 1335 667 1378; baseline -0.009 -10"><span class='ocrx_word' id='word_1_97' title='bbox 83 1337 135 1378; x_wconf 85' lang='lat' dir='ltr'>pri</span> <span class='ocrx_word' id='word_1_98' title='bbox 168 1335 370 1378; x_wconf 79' lang='lat' dir='ltr'>voluptates;</span> <span class='ocrx_word' id='word_1_99' title='bbox 403 1335 542 1366; x_wconf 81' lang='lat' dir='ltr'>honesto</span> <span class='ocrx_word' id='word_1_100' title='bbox 574 1343 667 1364; x_wconf 84' lang='lat' dir='ltr'>voca-</span> 
     </span>
     <span class='ocr_line' id='line_1_22' title="bbox 52 1381 667 1424; baseline -0.008 -9"><span class='ocrx_word' id='word_1_101' title='bbox 52 1402 61 1409; x_wconf 47' lang='lat'><em>,</em></span> <span class='ocrx_word' id='word_1_102' title='bbox 83 1382 166 1415; x_wconf 83' lang='lat' dir='ltr'>bulo</span> <span class='ocrx_word' id='word_1_103' title='bbox 197 1393 266 1415; x_wconf 88' lang='lat' dir='ltr'>rem</span> <span class='ocrx_word' id='word_1_104' title='bbox 293 1381 411 1414; x_wconf 81' lang='lat' dir='ltr'>foedam</span> <span class='ocrx_word' id='word_1_105' title='bbox 439 1387 535 1424; x_wconf 85' lang='lat' dir='ltr'>poeta</span> <span class='ocrx_word' id='word_1_106' title='bbox 571 1381 667 1423; x_wconf 86' lang='lat' dir='ltr'>tegit,</span> 
     </span>
     <span class='ocr_line' id='line_1_23' title="bbox 86 1428 669 1471; baseline -0.009 -9"><span class='ocrx_word' id='word_1_107' title='bbox 86 1429 260 1462; x_wconf 77' lang='lat' dir='ltr'>luminibus</span> <span class='ocrx_word' id='word_1_108' title='bbox 279 1428 425 1467; x_wconf 79' lang='lat' dir='ltr'>remoeis;</span> <span class='ocrx_word' id='word_1_109' title='bbox 441 1428 562 1471; x_wconf 88' lang='lat' dir='ltr'>pudori</span> <span class='ocrx_word' id='word_1_110' title='bbox 582 1428 669 1458; x_wconf 87' lang='lat' dir='ltr'>enim</span> 
     </span>
     <span class='ocr_line' id='line_1_24' title="bbox 86 1476 670 1517; baseline -0.005 -9"><span class='ocrx_word' id='word_1_111' title='bbox 86 1476 233 1517; x_wconf 83' lang='lat' dir='ltr'>videtur,</span> <span class='ocrx_word' id='word_1_112' title='bbox 262 1478 290 1508; x_wconf 83' lang='lat' dir='ltr'>si</span> <span class='ocrx_word' id='word_1_113' title='bbox 317 1487 386 1509; x_wconf 87' lang='lat' dir='ltr'>non</span> <span class='ocrx_word' id='word_1_114' title='bbox 422 1476 610 1514; x_wconf 80' lang='lat' dir='ltr'>consulere,</span> <span class='ocrx_word' id='word_1_115' title='bbox 638 1481 670 1505; x_wconf 87' lang='lat' dir='ltr'>at</span> 
     </span>
     <span class='ocr_line' id='line_1_25' title="bbox 86 1522 670 1566; baseline -0.007 -10"><span class='ocrx_word' id='word_1_116' title='bbox 86 1524 199 1556; x_wconf 71' lang='lat' dir='ltr'>saltem</span> <span class='ocrx_word' id='word_1_117' title='bbox 222 1522 331 1556; x_wconf 76' lang='lat' dir='ltr'>minus</span> <span class='ocrx_word' id='word_1_118' title='bbox 350 1523 506 1556; x_wconf 79' lang='lat' dir='ltr'>insultare</span> <span class='ocrx_word' id='word_1_119' title='bbox 518 1546 527 1562; x_wconf 88' lang='lat'>,</span> <span class='ocrx_word' id='word_1_120' title='bbox 542 1533 614 1566; x_wconf 87' lang='lat' dir='ltr'>quae</span> <span class='ocrx_word' id='word_1_121' title='bbox 634 1522 670 1553; x_wconf 86' lang='lat' dir='ltr'>in</span> 
     </span>
     <span class='ocr_line' id='line_1_26' title="bbox 87 1571 364 1614; baseline 0.007 -12"><span class='ocrx_word' id='word_1_122' title='bbox 87 1571 229 1603; x_wconf 73' lang='lat' dir='ltr'>tenebris</span> <span class='ocrx_word' id='word_1_123' title='bbox 241 1578 364 1614; x_wconf 84' lang='lat' dir='ltr'>peccat.</span> 
     </span>
    </p>

    <p class='ocr_par' dir='ltr' id='par_1_3' title="bbox 87 1616 673 2321">
     <span class='ocr_line' id='line_1_27' title="bbox 137 1616 672 1662; baseline -0.006 -12"><span class='ocrx_word' id='word_1_124' title='bbox 137 1618 169 1650; x_wconf 84' lang='lat'>8.</span> <span class='ocrx_word' id='word_1_125' title='bbox 191 1618 260 1650; x_wconf 84' lang='lat' dir='ltr'>Sed</span> <span class='ocrx_word' id='word_1_126' title='bbox 266 1618 357 1662; x_wconf 80' lang='lat' dir='ltr'>jussa</span> <span class='ocrx_word' id='word_1_127' title='bbox 373 1618 482 1650; x_wconf 72' lang='lat' dir='ltr'>corlzm</span> <span class='ocrx_word' id='word_1_128' title='bbox 501 1629 512 1648; x_wconf 91' lang='lat'><em>:</em></span> <span class='ocrx_word' id='word_1_129' title='bbox 536 1616 591 1649; x_wconf 75' lang='lat' dir='ltr'>sed</span> <span class='ocrx_word' id='word_1_130' title='bbox 613 1627 672 1659; x_wconf 91' lang='lat' dir='ltr'>pu-</span> 
     </span>
     <span class='ocr_line' id='line_1_28' title="bbox 87 1664 671 1707; baseline -0.002 -11"><span class='ocrx_word' id='word_1_131' title='bbox 87 1665 182 1697; x_wconf 83' lang='lat' dir='ltr'>blicae</span> <span class='ocrx_word' id='word_1_132' title='bbox 203 1667 381 1698; x_wconf 83' lang='lat' dir='ltr'>meretricis</span> <span class='ocrx_word' id='word_1_133' title='bbox 398 1667 500 1697; x_wconf 76' lang='lat' dir='ltr'>instar</span> <span class='ocrx_word' id='word_1_134' title='bbox 518 1675 591 1707; x_wconf 86' lang='lat' dir='ltr'>quae</span> <span class='ocrx_word' id='word_1_135' title='bbox 617 1664 671 1695; x_wconf 87' lang='lat' dir='ltr'>ob-</span> 
     </span>
     <span class='ocr_line' id='line_1_29' title="bbox 88 1711 669 1754; baseline -0.003 -10"><span class='ocrx_word' id='word_1_136' title='bbox 88 1713 135 1744; x_wconf 84' lang='lat' dir='ltr'>vii</span> <span class='ocrx_word' id='word_1_137' title='bbox 157 1713 330 1753; x_wconf 72' lang='lat' dir='ltr'>cujuslibet</span> <span class='ocrx_word' id='word_1_138' title='bbox 350 1713 453 1754; x_wconf 81' lang='lat' dir='ltr'>jussui</span> <span class='ocrx_word' id='word_1_139' title='bbox 468 1711 600 1744; x_wconf 82' lang='lat' dir='ltr'>obedire</span> <span class='ocrx_word' id='word_1_140' title='bbox 615 1722 669 1742; x_wconf 88' lang='lat' dir='ltr'>co-</span> 
     </span>
     <span class='ocr_line' id='line_1_30' title="bbox 87 1759 671 1804; baseline -0.002 -13"><span class='ocrx_word' id='word_1_141' title='bbox 87 1760 194 1802; x_wconf 82' lang='lat' dir='ltr'>gitur,</span> <span class='ocrx_word' id='word_1_142' title='bbox 217 1759 334 1804; x_wconf 75' lang='lat' dir='ltr'>surgit,</span> <span class='ocrx_word' id='word_1_143' title='bbox 359 1767 438 1792; x_wconf 81' lang='lat' dir='ltr'>teste</span> <span class='ocrx_word' id='word_1_144' title='bbox 464 1760 600 1799; x_wconf 89' lang='lat' dir='ltr'>marito,</span> <span class='ocrx_word' id='word_1_145' title='bbox 625 1760 671 1790; x_wconf 92' lang='lat' dir='ltr'>vi-</span> 
     </span>
     <span class='ocr_line' id='line_1_31' title="bbox 88 1805 671 1840; baseline -0.003 -2"><span class='ocrx_word' id='word_1_146' title='bbox 88 1805 242 1838; x_wconf 72' lang='lat' dir='ltr'>dentibus</span> <span class='ocrx_word' id='word_1_147' title='bbox 265 1808 422 1840; x_wconf 78' lang='lat' dir='ltr'>convivis.</span> <span class='ocrx_word' id='word_1_148' title='bbox 443 1825 491 1831; x_wconf 94' lang='lat'>—</span> <span class='ocrx_word' id='word_1_149' title='bbox 506 1808 583 1838; x_wconf 86' lang='lat' dir='ltr'>Non</span> <span class='ocrx_word' id='word_1_150' title='bbox 601 1805 671 1837; x_wconf 79' lang='lat' dir='ltr'>sine</span> 
     </span>
     <span class='ocr_line' id='line_1_32' title="bbox 89 1853 671 1897; baseline 0 -12"><span class='ocrx_word' id='word_1_151' title='bbox 89 1853 217 1885; x_wconf 82' lang='lat' dir='ltr'>conscio</span> <span class='ocrx_word' id='word_1_152' title='bbox 225 1854 342 1886; x_wconf 82' lang='lat' dir='ltr'>marito</span> <span class='ocrx_word' id='word_1_153' title='bbox 352 1866 363 1886; x_wconf 91' lang='lat'>.·</span> <span class='ocrx_word' id='word_1_154' title='bbox 372 1855 430 1897; x_wconf 90' lang='lat' dir='ltr'>qui</span> <span class='ocrx_word' id='word_1_155' title='bbox 439 1855 580 1896; x_wconf 74' lang='lat' dir='ltr'>propriae</span> <span class='ocrx_word' id='word_1_156' title='bbox 591 1864 671 1885; x_wconf 87' lang='lat' dir='ltr'>uxo-</span> 
     </span>
     <span class='ocr_line' id='line_1_33' title="bbox 89 1901 671 1944; baseline -0.002 -12"><span class='ocrx_word' id='word_1_157' title='bbox 89 1902 133 1933; x_wconf 84' lang='lat' dir='ltr'>ris</span> <span class='ocrx_word' id='word_1_158' title='bbox 153 1901 247 1941; x_wconf 90' lang='lat' dir='ltr'>leno,</span> <span class='ocrx_word' id='word_1_159' title='bbox 265 1902 407 1944; x_wconf 87' lang='lat' dir='ltr'>pretium</span> <span class='ocrx_word' id='word_1_160' title='bbox 430 1901 600 1944; x_wconf 87' lang='lat' dir='ltr'>opprobrii</span> <span class='ocrx_word' id='word_1_161' title='bbox 620 1901 671 1931; x_wconf 88' lang='lat' dir='ltr'>sui</span> 
     </span>
     <span class='ocr_line' id='line_1_34' title="bbox 89 1949 671 1990; baseline 0 -12"><span class='ocrx_word' id='word_1_162' title='bbox 89 1949 219 1990; x_wconf 76' lang='lat' dir='ltr'>accipit.</span> <span class='ocrx_word' id='word_1_163' title='bbox 237 1949 348 1981; x_wconf 86' lang='lat' dir='ltr'>Talem</span> <span class='ocrx_word' id='word_1_164' title='bbox 360 1949 511 1980; x_wconf 86' lang='lat' dir='ltr'>maritum</span> <span class='ocrx_word' id='word_1_165' title='bbox 527 1949 671 1990; x_wconf 86' lang='lat' dir='ltr'>designat</span> 
     </span>
     <span class='ocr_line' id='line_1_35' title="bbox 89 1995 673 2038; baseline -0.003 -11"><span class='ocrx_word' id='word_1_166' title='bbox 89 1996 111 2027; x_wconf 89' lang='lat' dir='ltr'><strong>J</strong></span> <span class='ocrx_word' id='word_1_167' title='bbox 114 2004 210 2028; x_wconf 80' lang='lat' dir='ltr'>uven.</span> <span class='ocrx_word' id='word_1_168' title='bbox 226 1996 252 2034; x_wconf 85' lang='grc' dir='ltr'>Ι,</span> <span class='ocrx_word' id='word_1_169' title='bbox 269 1995 312 2028; x_wconf 80' lang='grc'>56</span> <span class='ocrx_word' id='word_1_170' title='bbox 323 2006 331 2028; x_wconf 92' lang='lat'><strong>:</strong></span> <span class='ocrx_word' id='word_1_171' title='bbox 341 1998 460 2027; x_wconf 77' lang='lat' dir='ltr'>Doctus</span> <span class='ocrx_word' id='word_1_172' title='bbox 469 2003 614 2038; x_wconf 83' lang='lat' dir='ltr'>spectare</span> <span class='ocrx_word' id='word_1_173' title='bbox 626 1995 673 2026; x_wconf 91' lang='lat' dir='ltr'>la-</span> 
     </span>
     <span class='ocr_line' id='line_1_36' title="bbox 89 2041 673 2084; baseline 0.002 -12"><span class='ocrx_word' id='word_1_174' title='bbox 89 2052 203 2083; x_wconf 78' lang='lat' dir='ltr'>cunar,</span> <span class='ocrx_word' id='word_1_175' title='bbox 216 2042 338 2075; x_wconf 83' lang='lat' dir='ltr'>Doctus</span> <span class='ocrx_word' id='word_1_176' title='bbox 346 2051 379 2075; x_wconf 82' lang='lat' dir='ltr'>ee</span> <span class='ocrx_word' id='word_1_177' title='bbox 387 2043 435 2075; x_wconf 88' lang='lat' dir='ltr'>ad</span> <span class='ocrx_word' id='word_1_178' title='bbox 439 2043 574 2074; x_wconf 80' lang='lat' dir='ltr'>calicem</span> <span class='ocrx_word' id='word_1_179' title='bbox 587 2041 673 2084; x_wconf 80' lang='lat' dir='ltr'>vigi-</span> 
     </span>
     <span class='ocr_line' id='line_1_37' title="bbox 91 2088 673 2123; baseline -0.002 -3"><span class='ocrx_word' id='word_1_180' title='bbox 91 2088 178 2120; x_wconf 82' lang='lat' dir='ltr'>lanei</span> <span class='ocrx_word' id='word_1_181' title='bbox 189 2097 322 2122; x_wconf 81' lang='lat' dir='ltr'>stertere</span> <span class='ocrx_word' id='word_1_182' title='bbox 340 2101 431 2123; x_wconf 82' lang='lat' dir='ltr'>naso.</span> <span class='ocrx_word' id='word_1_183' title='bbox 440 2092 550 2121; x_wconf 83' lang='lat' dir='ltr'>-Seu</span> <span class='ocrx_word' id='word_1_184' title='bbox 572 2097 673 2122; x_wconf 82' lang='lat' dir='ltr'>vocat</span> 
     </span>
     <span class='ocr_line' id='line_1_38' title="bbox 91 2135 670 2179; baseline -0.002 -12"><span class='ocrx_word' id='word_1_185' title='bbox 91 2135 221 2168; x_wconf 78' lang='lat' dir='ltr'>institor</span> <span class='ocrx_word' id='word_1_186' title='bbox 234 2137 393 2169; x_wconf 80' lang='lat' dir='ltr'>:institor</span> <span class='ocrx_word' id='word_1_187' title='bbox 422 2137 540 2169; x_wconf 84' lang='lat' dir='ltr'>dicitur</span> <span class='ocrx_word' id='word_1_188' title='bbox 566 2138 624 2179; x_wconf 88' lang='lat' dir='ltr'>qui</span> <span class='ocrx_word' id='word_1_189' title='bbox 653 2135 670 2166; x_wconf 74' lang='lat' dir='ltr'>a</span> 
     </span>
     <span class='ocr_line' id='line_1_39' title="bbox 90 2185 671 2228; baseline 0.003 -14"><span class='ocrx_word' id='word_1_190' title='bbox 90 2191 288 2224; x_wconf 82' lang='lat' dir='ltr'>mercatore,</span> <span class='ocrx_word' id='word_1_191' title='bbox 322 2186 535 2228; x_wconf 81' lang='lat' dir='ltr'>negotiationi</span> <span class='ocrx_word' id='word_1_192' title='bbox 575 2185 671 2216; x_wconf 90' lang='lat' dir='ltr'>alicui</span> 
     </span>
     <span class='ocr_line' id='line_1_40' title="bbox 89 2231 672 2273; baseline 0 -11"><span class='ocrx_word' id='word_1_193' title='bbox 89 2232 281 2273; x_wconf 83' lang='lat' dir='ltr'>praepositus</span> <span class='ocrx_word' id='word_1_194' title='bbox 300 2239 358 2264; x_wconf 83' lang='lat' dir='ltr'>est.</span> <span class='ocrx_word' id='word_1_195' title='bbox 371 2233 458 2264; x_wconf 81' lang='lat' dir='ltr'>Dicti</span> <span class='ocrx_word' id='word_1_196' title='bbox 476 2231 582 2263; x_wconf 70' lang='lat' dir='ltr'>autem</span> <span class='ocrx_word' id='word_1_197' title='bbox 596 2238 672 2262; x_wconf 87' lang='lat' dir='ltr'>sunt</span> 
     </span>
     <span class='ocr_line' id='line_1_41' title="bbox 91 2277 671 2321; baseline 0.003 -13"><span class='ocrx_word' id='word_1_198' title='bbox 91 2277 250 2310; x_wconf 75' lang='lat' dir='ltr'>institores</span> <span class='ocrx_word' id='word_1_199' title='bbox 277 2278 336 2321; x_wconf 83' lang='lat' dir='ltr'>(ut</span> <span class='ocrx_word' id='word_1_200' title='bbox 362 2279 483 2311; x_wconf 86' lang='lat' dir='ltr'>indicat</span> <span class='ocrx_word' id='word_1_201' title='bbox 510 2278 671 2321; x_wconf 81' lang='lat' dir='ltr'>Ulpianus</span> 
     </span>
    </p>
   </div>
   <div class='ocr_carea' id='block_1_3' title="bbox 720 1002 1315 2324">
    <p class='ocr_par' dir='ltr' id='par_1_4' title="bbox 720 1002 1310 1660">
     <span class='ocr_line' id='line_1_42' title="bbox 720 1002 1299 1045; baseline 0.002 -12"><span class='ocrx_word' id='word_1_202' title='bbox 720 1005 755 1034; x_wconf 89' lang='lat' dir='ltr'>iu</span> <span class='ocrx_word' id='word_1_203' title='bbox 768 1005 842 1045; x_wconf 84' lang='lat' dir='ltr'>Leg.</span> <span class='ocrx_word' id='word_1_204' title='bbox 862 1004 893 1034; x_wconf 82' lang='lat'>3.</span> <span class='ocrx_word' id='word_1_205' title='bbox 909 1004 950 1035; x_wconf 94' lang='lat' dir='ltr'>D.</span> <span class='ocrx_word' id='word_1_206' title='bbox 969 1004 1018 1033; x_wconf 86' lang='lat' dir='ltr'>De</span> <span class='ocrx_word' id='word_1_207' title='bbox 1034 1002 1177 1034; x_wconf 72' lang='lat' dir='ltr'>Institor.</span> <span class='ocrx_word' id='word_1_208' title='bbox 1193 1010 1257 1034; x_wconf 80' lang='lat' dir='ltr'>act.</span> <span class='ocrx_word' id='word_1_209' title='bbox 1269 1003 1299 1044; x_wconf 85' lang='lat'>)‚</span> 
     </span>
     <span class='ocr_line' id='line_1_43' title="bbox 721 1050 1304 1092; baseline -0.002 -11"><span class='ocrx_word' id='word_1_210' title='bbox 721 1050 761 1081; x_wconf 84' lang='lat' dir='ltr'>ab</span> <span class='ocrx_word' id='word_1_211' title='bbox 778 1050 975 1091; x_wconf 80' lang='lat' dir='ltr'>insistendo,</span> <span class='ocrx_word' id='word_1_212' title='bbox 999 1051 1038 1081; x_wconf 74' lang='grc' dir='ltr'>εὑ</span> <span class='ocrx_word' id='word_1_213' title='bbox 1052 1050 1142 1092; x_wconf 60' lang='lat' dir='ltr'>quud</span> <span class='ocrx_word' id='word_1_214' title='bbox 1166 1051 1304 1092; x_wconf 82' lang='lat' dir='ltr'>negotiis</span> 
     </span>
     <span class='ocr_line' id='line_1_44' title="bbox 720 1096 1305 1139; baseline 0 -12"><span class='ocrx_word' id='word_1_215' title='bbox 720 1096 925 1139; x_wconf 81' lang='lat' dir='ltr'>perficiendis</span> <span class='ocrx_word' id='word_1_216' title='bbox 948 1097 1112 1129; x_wconf 74' lang='lat' dir='ltr'>insistant.</span> <span class='ocrx_word' id='word_1_217' title='bbox 1132 1115 1180 1120; x_wconf 92' lang='lat'>—</span> <span class='ocrx_word' id='word_1_218' title='bbox 1203 1097 1305 1128; x_wconf 79' lang='lat' dir='ltr'>Navis</span> 
     </span>
     <span class='ocr_line' id='line_1_45' title="bbox 721 1145 1304 1187; baseline -0.002 -11"><span class='ocrx_word' id='word_1_219' title='bbox 721 1145 881 1186; x_wconf 67' lang='lat' dir='ltr'>Hispanae</span> <span class='ocrx_word' id='word_1_220' title='bbox 898 1145 1057 1187; x_wconf 80' lang='lat' dir='ltr'>magister</span> <span class='ocrx_word' id='word_1_221' title='bbox 1068 1155 1080 1175; x_wconf 89' lang='lat'>.·</span> <span class='ocrx_word' id='word_1_222' title='bbox 1103 1155 1172 1175; x_wconf 89' lang='lat' dir='ltr'>nou</span> <span class='ocrx_word' id='word_1_223' title='bbox 1188 1145 1304 1186; x_wconf 84' lang='lat' dir='ltr'>Hispa-</span> 
     </span>
     <span class='ocr_line' id='line_1_46' title="bbox 721 1191 1304 1232; baseline 0 -10"><span class='ocrx_word' id='word_1_224' title='bbox 721 1202 783 1223; x_wconf 86' lang='lat' dir='ltr'>nus</span> <span class='ocrx_word' id='word_1_225' title='bbox 808 1192 911 1230; x_wconf 76' lang='lat' dir='ltr'>forte,</span> <span class='ocrx_word' id='word_1_226' title='bbox 938 1191 1012 1231; x_wconf 82' lang='lat' dir='ltr'>sed,</span> <span class='ocrx_word' id='word_1_227' title='bbox 1036 1191 1126 1232; x_wconf 88' lang='lat' dir='ltr'>quod</span> <span class='ocrx_word' id='word_1_228' title='bbox 1148 1192 1304 1222; x_wconf 87' lang='lat' dir='ltr'>verisimi-</span> 
     </span>
     <span class='ocr_line' id='line_1_47' title="bbox 721 1238 1305 1280; baseline 0 -11"><span class='ocrx_word' id='word_1_229' title='bbox 721 1239 799 1277; x_wconf 84' lang='lat' dir='ltr'>lius,</span> <span class='ocrx_word' id='word_1_230' title='bbox 817 1242 983 1271; x_wconf 87' lang='lat' dir='ltr'>Romanus</span> <span class='ocrx_word' id='word_1_231' title='bbox 1008 1238 1147 1280; x_wconf 87' lang='lat' dir='ltr'>quilibet</span> <span class='ocrx_word' id='word_1_232' title='bbox 1170 1238 1305 1280; x_wconf 88' lang='lat' dir='ltr'>opulen-</span> 
     </span>
     <span class='ocr_line' id='line_1_48' title="bbox 722 1284 1308 1327; baseline 0 -11"><span class='ocrx_word' id='word_1_233' title='bbox 722 1286 881 1317; x_wconf 74' lang='lat' dir='ltr'>tissimum</span> <span class='ocrx_word' id='word_1_234' title='bbox 893 1297 969 1317; x_wconf 89' lang='lat' dir='ltr'>cum</span> <span class='ocrx_word' id='word_1_235' title='bbox 982 1284 1137 1327; x_wconf 64' lang='lat' dir='ltr'>Hispania</span> <span class='ocrx_word' id='word_1_236' title='bbox 1152 1296 1308 1316; x_wconf 84' lang='lat' dir='ltr'>commer-</span> 
     </span>
     <span class='ocr_line' id='line_1_49' title="bbox 723 1332 1307 1372; baseline 0 -8"><span class='ocrx_word' id='word_1_237' title='bbox 723 1334 810 1364; x_wconf 89' lang='lat' dir='ltr'>cium</span> <span class='ocrx_word' id='word_1_238' title='bbox 828 1334 996 1365; x_wconf 86' lang='lat' dir='ltr'>instituere</span> <span class='ocrx_word' id='word_1_239' title='bbox 1019 1333 1151 1372; x_wconf 80' lang='lat' dir='ltr'>solims,</span> <span class='ocrx_word' id='word_1_240' title='bbox 1169 1332 1307 1364; x_wconf 73' lang='lat' dir='ltr'>navibus</span> 
     </span>
     <span class='ocr_line' id='line_1_50' title="bbox 723 1379 1306 1423; baseline -0.002 -12"><span class='ocrx_word' id='word_1_241' title='bbox 723 1379 856 1422; x_wconf 78' lang='lat' dir='ltr'>quidem</span> <span class='ocrx_word' id='word_1_242' title='bbox 886 1381 1010 1423; x_wconf 88' lang='lat' dir='ltr'>origine</span> <span class='ocrx_word' id='word_1_243' title='bbox 1046 1379 1104 1411; x_wconf 69' lang='lat' dir='ltr'>sua</span> <span class='ocrx_word' id='word_1_244' title='bbox 1133 1381 1284 1421; x_wconf 79' lang='lat' dir='ltr'>Hispanis</span> <span class='ocrx_word' id='word_1_245' title='bbox 1297 1403 1306 1419; x_wconf 93' lang='lat'><strong>‚</strong></span> 
     </span>
     <span class='ocr_line' id='line_1_51' title="bbox 723 1427 1302 1470; baseline 0 -12"><span class='ocrx_word' id='word_1_246' title='bbox 723 1427 778 1458; x_wconf 86' lang='lat' dir='ltr'>sed</span> <span class='ocrx_word' id='word_1_247' title='bbox 794 1438 873 1469; x_wconf 88' lang='lat' dir='ltr'>quas</span> <span class='ocrx_word' id='word_1_248' title='bbox 889 1429 958 1470; x_wconf 87' lang='lat' dir='ltr'>ipse</span> <span class='ocrx_word' id='word_1_249' title='bbox 973 1428 1067 1465; x_wconf 85' lang='lat' dir='ltr'>emit,</span> <span class='ocrx_word' id='word_1_250' title='bbox 1085 1437 1224 1470; x_wconf 85' lang='lat' dir='ltr'>quarum</span> <span class='ocrx_word' id='word_1_251' title='bbox 1239 1437 1302 1458; x_wconf 89' lang='lat' dir='ltr'>ma-</span> 
     </span>
     <span class='ocr_line' id='line_1_52' title="bbox 723 1474 1308 1517; baseline -0.003 -11"><span class='ocrx_word' id='word_1_252' title='bbox 723 1476 820 1517; x_wconf 84' lang='lat' dir='ltr'>gister</span> <span class='ocrx_word' id='word_1_253' title='bbox 834 1475 886 1506; x_wconf 79' lang='lat' dir='ltr'>vel</span> <span class='ocrx_word' id='word_1_254' title='bbox 900 1474 1053 1506; x_wconf 78' lang='lat' dir='ltr'>dominus</span> <span class='ocrx_word' id='word_1_255' title='bbox 1065 1481 1124 1506; x_wconf 85' lang='lat' dir='ltr'>est.</span> <span class='ocrx_word' id='word_1_256' title='bbox 1139 1492 1186 1498; x_wconf 89' lang='lat'>—</span> <span class='ocrx_word' id='word_1_257' title='bbox 1201 1474 1308 1505; x_wconf 85' lang='lat' dir='ltr'>Dede-</span> 
     </span>
     <span class='ocr_line' id='line_1_53' title="bbox 724 1522 1309 1564; baseline -0.002 -12"><span class='ocrx_word' id='word_1_258' title='bbox 724 1533 832 1553; x_wconf 82' lang='lat' dir='ltr'>corum</span> <span class='ocrx_word' id='word_1_259' title='bbox 858 1522 1020 1564; x_wconf 81' lang='lat' dir='ltr'>preciosus</span> <span class='ocrx_word' id='word_1_260' title='bbox 1062 1522 1187 1563; x_wconf 67' lang='lat' dir='ltr'>emptor</span> <span class='ocrx_word' id='word_1_261' title='bbox 1210 1533 1221 1552; x_wconf 82' lang='lat'>.·</span> <span class='ocrx_word' id='word_1_262' title='bbox 1250 1522 1309 1564; x_wconf 90' lang='lat' dir='ltr'>qui</span> 
     </span>
     <span class='ocr_line' id='line_1_54' title="bbox 724 1570 1310 1625; baseline -0.002 -25"><span class='ocrx_word' id='word_1_263' title='bbox 724 1581 844 1613; x_wconf 82' lang='lat' dir='ltr'>magno</span> <span class='ocrx_word' id='word_1_264' title='bbox 869 1571 974 1625; x_wconf 84' lang='lat' dir='ltr'>pretio</span> <span class='ocrx_word' id='word_1_265' title='bbox 1002 1570 1168 1612; x_wconf 86' lang='lat' dir='ltr'>geminum</span> <span class='ocrx_word' id='word_1_266' title='bbox 1196 1570 1310 1600; x_wconf 75' lang='lat' dir='ltr'>uxoris</span> 
     </span>
     <span class='ocr_line' id='line_1_55' title="bbox 725 1615 1241 1660; baseline -0.002 -12"><span class='ocrx_word' id='word_1_267' title='bbox 725 1625 756 1649; x_wconf 84' lang='lat' dir='ltr'>et</span> <span class='ocrx_word' id='word_1_268' title='bbox 771 1618 878 1648; x_wconf 80' lang='lat' dir='ltr'>mariti</span> <span class='ocrx_word' id='word_1_269' title='bbox 896 1617 1110 1660; x_wconf 86' lang='lat' dir='ltr'>opprobrium</span> <span class='ocrx_word' id='word_1_270' title='bbox 1133 1615 1241 1648; x_wconf 86' lang='lat' dir='ltr'>solvit.</span> 
     </span>
    </p>

    <p class='ocr_par' dir='ltr' id='par_1_5' title="bbox 724 1663 1314 2040">
     <span class='ocr_line' id='line_1_56' title="bbox 771 1663 1309 1709; baseline -0.008 -12"><span class='ocrx_word' id='word_1_271' title='bbox 771 1677 805 1707; x_wconf 91' lang='lat'>9.</span> <span class='ocrx_word' id='word_1_272' title='bbox 820 1664 941 1709; x_wconf 65' lang='lat' dir='ltr'>Infecit</span> <span class='ocrx_word' id='word_1_273' title='bbox 953 1676 1066 1707; x_wconf 84' lang='lat' dir='ltr'>oequor</span> <span class='ocrx_word' id='word_1_274' title='bbox 1078 1663 1238 1707; x_wconf 78' lang='lat' dir='ltr'>sanguine</span> <span class='ocrx_word' id='word_1_275' title='bbox 1246 1666 1309 1695; x_wconf 85' lang='lat' dir='ltr'>Pu-</span> 
     </span>
     <span class='ocr_line' id='line_1_57' title="bbox 726 1711 1306 1755; baseline -0.003 -11"><span class='ocrx_word' id='word_1_276' title='bbox 726 1713 826 1744; x_wconf 81' lang='lat' dir='ltr'>nico.-</span> <span class='ocrx_word' id='word_1_277' title='bbox 844 1712 912 1745; x_wconf 85' lang='lat' dir='ltr'>vid.</span> <span class='ocrx_word' id='word_1_278' title='bbox 932 1711 1029 1755; x_wconf 74' lang='lat' dir='ltr'>supra</span> <span class='ocrx_word' id='word_1_279' title='bbox 1043 1711 1254 1750; x_wconf 77' lang='lat' dir='ltr'>od.11,12‚</span> <span class='ocrx_word' id='word_1_280' title='bbox 1274 1722 1306 1748; x_wconf 84' lang='lat'>2,</span> 
     </span>
     <span class='ocr_line' id='line_1_58' title="bbox 725 1734 1311 1792; baseline 0.005 -2"><span class='ocrx_word' id='word_1_281' title='bbox 725 1767 756 1791; x_wconf 92' lang='lat' dir='ltr'>et</span> <span class='ocrx_word' id='word_1_282' title='bbox 776 1760 909 1792; x_wconf 85' lang='lat' dir='ltr'>consule</span> <span class='ocrx_word' id='word_1_283' title='bbox 926 1766 1019 1791; x_wconf 86' lang='lat' dir='ltr'>notas</span> <span class='ocrx_word' id='word_1_284' title='bbox 1036 1760 1073 1791; x_wconf 90' lang='lat' dir='ltr'>in</span> <span class='ocrx_word' id='word_1_285' title='bbox 1085 1759 1175 1791; x_wconf 89' lang='lat' dir='ltr'>hunc</span> <span class='ocrx_word' id='word_1_286' title='bbox 1189 1734 1311 1792; x_wconf 76' lang='lat' dir='ltr'>lociun.</span> 
     </span>
     <span class='ocr_line' id='line_1_59' title="bbox 725 1807 1313 1849; baseline -0.002 -10"><span class='ocrx_word' id='word_1_287' title='bbox 725 1826 771 1831; x_wconf 93' lang='lat'>-—</span> <span class='ocrx_word' id='word_1_288' title='bbox 782 1807 1004 1849; x_wconf 65' lang='lat' dir='ltr'>Pyrrhumque</span> <span class='ocrx_word' id='word_1_289' title='bbox 1015 1819 1027 1838; x_wconf 91' lang='lat'><em>:</em></span> <span class='ocrx_word' id='word_1_290' title='bbox 1042 1808 1250 1849; x_wconf 87' lang='lat' dir='ltr'>Epirotarum</span> <span class='ocrx_word' id='word_1_291' title='bbox 1266 1819 1313 1838; x_wconf 79' lang='lat' dir='ltr'>re-</span> 
     </span>
     <span class='ocr_line' id='line_1_60' title="bbox 724 1854 1314 1898; baseline -0.002 -11"><span class='ocrx_word' id='word_1_292' title='bbox 724 1867 796 1898; x_wconf 85' lang='lat' dir='ltr'>gem</span> <span class='ocrx_word' id='word_1_293' title='bbox 807 1879 815 1894; x_wconf 93' lang='lat'><strong>‚</strong></span> <span class='ocrx_word' id='word_1_294' title='bbox 827 1855 844 1886; x_wconf 69' lang='lat' dir='ltr'>a</span> <span class='ocrx_word' id='word_1_295' title='bbox 862 1856 962 1887; x_wconf 90' lang='lat' dir='ltr'>Curio</span> <span class='ocrx_word' id='word_1_296' title='bbox 975 1854 1192 1897; x_wconf 85' lang='lat' dir='ltr'>Fabricioque</span> <span class='ocrx_word' id='word_1_297' title='bbox 1204 1856 1240 1886; x_wconf 90' lang='lat' dir='ltr'>in</span> <span class='ocrx_word' id='word_1_298' title='bbox 1253 1857 1314 1886; x_wconf 88' lang='lat' dir='ltr'>Lu-</span> 
     </span>
     <span class='ocr_line' id='line_1_61' title="bbox 725 1902 1309 1945; baseline 0 -11"><span class='ocrx_word' id='word_1_299' title='bbox 725 1902 815 1934; x_wconf 67' lang='lat' dir='ltr'>cania</span> <span class='ocrx_word' id='word_1_300' title='bbox 836 1904 970 1935; x_wconf 85' lang='lat' dir='ltr'>victum.</span> <span class='ocrx_word' id='word_1_301' title='bbox 984 1921 1030 1927; x_wconf 90' lang='lat'><strong>—</strong></span> <span class='ocrx_word' id='word_1_302' title='bbox 1047 1904 1218 1945; x_wconf 80' lang='lat' dir='ltr'>Ingentem</span> <span class='ocrx_word' id='word_1_303' title='bbox 1236 1905 1309 1934; x_wconf 79' lang='lat' dir='ltr'>An-</span> 
     </span>
     <span class='ocr_line' id='line_1_62' title="bbox 726 1949 1309 1993; baseline -0.002 -12"><span class='ocrx_word' id='word_1_304' title='bbox 726 1949 867 1981; x_wconf 78' lang='lat' dir='ltr'>tiochum</span> <span class='ocrx_word' id='word_1_305' title='bbox 883 1962 893 1980; x_wconf 88' lang='lat'><em>:</em></span> <span class='ocrx_word' id='word_1_306' title='bbox 919 1951 1022 1993; x_wconf 79' lang='lat' dir='ltr'>Syriae</span> <span class='ocrx_word' id='word_1_307' title='bbox 1050 1959 1156 1992; x_wconf 85' lang='lat' dir='ltr'>regem</span> <span class='ocrx_word' id='word_1_308' title='bbox 1168 1972 1177 1987; x_wconf 89' lang='lat'>‚</span> <span class='ocrx_word' id='word_1_309' title='bbox 1195 1949 1212 1980; x_wconf 71' lang='lat' dir='ltr'>a</span> <span class='ocrx_word' id='word_1_310' title='bbox 1232 1952 1309 1981; x_wconf 87' lang='lat' dir='ltr'>Luc.</span> 
     </span>
     <span class='ocr_line' id='line_1_63' title="bbox 727 1997 1311 2040; baseline -0.002 -11"><span class='ocrx_word' id='word_1_311' title='bbox 727 1999 876 2040; x_wconf 84' lang='lat' dir='ltr'>Scipione</span> <span class='ocrx_word' id='word_1_312' title='bbox 886 1998 1022 2037; x_wconf 80' lang='lat' dir='ltr'>victum,</span> <span class='ocrx_word' id='word_1_313' title='bbox 1034 2008 1120 2028; x_wconf 80' lang='lat' dir='ltr'>anno</span> <span class='ocrx_word' id='word_1_314' title='bbox 1127 1998 1168 2028; x_wconf 88' lang='lat' dir='ltr'>U.</span> <span class='ocrx_word' id='word_1_315' title='bbox 1182 1997 1218 2029; x_wconf 88' lang='lat' dir='ltr'>C.</span> <span class='ocrx_word' id='word_1_316' title='bbox 1231 1997 1252 2028; x_wconf 82' lang='lat'><em>5</em></span> <span class='ocrx_word' id='word_1_317' title='bbox 1256 1998 1275 2028; x_wconf 85' lang='lat'><em>5</em></span> <span class='ocrx_word' id='word_1_318' title='bbox 1281 2007 1311 2037; x_wconf 86' lang='lat'>7.</span> 
     </span>
    </p>

    <p class='ocr_par' dir='ltr' id='par_1_6' title="bbox 725 2044 1315 2324">
     <span class='ocr_line' id='line_1_64' title="bbox 778 2044 1310 2085; baseline -0.004 -8"><span class='ocrx_word' id='word_1_319' title='bbox 778 2056 830 2077; x_wconf 71' lang='grc' dir='ltr'>ιο.</span> <span class='ocrx_word' id='word_1_320' title='bbox 860 2045 1013 2076; x_wconf 85' lang='lat' dir='ltr'>Mascula</span> <span class='ocrx_word' id='word_1_321' title='bbox 1039 2044 1151 2085; x_wconf 78' lang='lat' dir='ltr'>proles</span> <span class='ocrx_word' id='word_1_322' title='bbox 1172 2055 1184 2074; x_wconf 90' lang='lat'>.·</span> <span class='ocrx_word' id='word_1_323' title='bbox 1202 2044 1310 2085; x_wconf 59' lang='lat' dir='ltr'>prola</span> 
     </span>
     <span class='ocr_line' id='line_1_65' title="bbox 726 2091 1308 2131; baseline 0 -8"><span class='ocrx_word' id='word_1_324' title='bbox 726 2092 846 2131; x_wconf 84' lang='lat' dir='ltr'>virilis,</span> <span class='ocrx_word' id='word_1_325' title='bbox 870 2103 959 2131; x_wconf 87' lang='lat' dir='ltr'>nou,</span> <span class='ocrx_word' id='word_1_326' title='bbox 978 2099 1016 2123; x_wconf 86' lang='lat' dir='ltr'>ut</span> <span class='ocrx_word' id='word_1_327' title='bbox 1040 2091 1155 2129; x_wconf 70' lang='lat' dir='ltr'>hodie,</span> <span class='ocrx_word' id='word_1_328' title='bbox 1175 2091 1308 2123; x_wconf 86' lang='lat' dir='ltr'>effoemi-</span> 
     </span>
     <span class='ocr_line' id='line_1_66' title="bbox 727 2137 1314 2171; baseline 0 -1"><span class='ocrx_word' id='word_1_329' title='bbox 727 2139 1003 2171; x_wconf 57' lang='lat' dir='ltr'>natm—Sabellis</span> <span class='ocrx_word' id='word_1_330' title='bbox 1017 2150 1028 2169; x_wconf 94' lang='lat'><em>:</em></span> <span class='ocrx_word' id='word_1_331' title='bbox 1044 2138 1132 2169; x_wconf 88' lang='lat' dir='ltr'>hunc</span> <span class='ocrx_word' id='word_1_332' title='bbox 1146 2137 1314 2170; x_wconf 84' lang='lat' dir='ltr'>diminuti-</span> 
     </span>
     <span class='ocr_line' id='line_1_67' title="bbox 725 2185 1313 2228; baseline -0.002 -11"><span class='ocrx_word' id='word_1_333' title='bbox 725 2197 804 2217; x_wconf 90' lang='lat' dir='ltr'>vum</span> <span class='ocrx_word' id='word_1_334' title='bbox 823 2187 878 2218; x_wconf 87' lang='lat' dir='ltr'>alii</span> <span class='ocrx_word' id='word_1_335' title='bbox 895 2185 912 2216; x_wconf 75' lang='grc' dir='ltr'>ὲ</span> <span class='ocrx_word' id='word_1_336' title='bbox 928 2185 1138 2225; x_wconf 83' lang='lat' dir='ltr'>Samnitibus,</span> <span class='ocrx_word' id='word_1_337' title='bbox 1148 2185 1213 2226; x_wconf 89' lang='lat' dir='ltr'>alii,</span> <span class='ocrx_word' id='word_1_338' title='bbox 1223 2185 1313 2228; x_wconf 88' lang='lat' dir='ltr'>quod</span> 
     </span>
     <span class='ocr_line' id='line_1_68' title="bbox 725 2233 1311 2275; baseline 0.002 -12"><span class='ocrx_word' id='word_1_339' title='bbox 725 2233 927 2275; x_wconf 86' lang='lat' dir='ltr'>probabilius</span> <span class='ocrx_word' id='word_1_340' title='bbox 941 2257 950 2272; x_wconf 91' lang='lat'>‚</span> <span class='ocrx_word' id='word_1_341' title='bbox 978 2233 995 2263; x_wconf 70' lang='grc' dir='ltr'>εὶ</span> <span class='ocrx_word' id='word_1_342' title='bbox 1026 2233 1152 2266; x_wconf 82' lang='lat' dir='ltr'>Sabinis</span> <span class='ocrx_word' id='word_1_343' title='bbox 1180 2241 1311 2264; x_wconf 77' lang='lat' dir='ltr'>eruunt.</span> 
     </span>
     <span class='ocr_line' id='line_1_69' title="bbox 725 2280 1315 2324; baseline -0.002 -12"><span class='ocrx_word' id='word_1_344' title='bbox 725 2280 892 2322; x_wconf 76' lang='lat' dir='ltr'>Quidquid</span> <span class='ocrx_word' id='word_1_345' title='bbox 913 2281 972 2319; x_wconf 93' lang='lat' dir='ltr'>sit,</span> <span class='ocrx_word' id='word_1_346' title='bbox 990 2280 1140 2323; x_wconf 87' lang='lat' dir='ltr'>intelligit</span> <span class='ocrx_word' id='word_1_347' title='bbox 1157 2287 1252 2324; x_wconf 75' lang='lat' dir='ltr'>poeta</span> <span class='ocrx_word' id='word_1_348' title='bbox 1275 2280 1315 2311; x_wconf 86' lang='lat' dir='ltr'>li-</span> 
     </span>
    </p>
   </div>
  </div>
 </body>
</html>
