1456 2508
626 120 793 154 METRA.
1298 130 1320 162 9

97 189 171 229 set,
197 179 342 220 Teucer
362 188 404 218 et
422 184 464 230 Ι,
496 181 563 229 15,
585 187 634 227 24
656 190 694 219 et
721 180 830 229 Ignis
857 179 1005 215 Iliacas
1024 177 1120 216 ibid.
1143 179 1206 216 36.
1228 179 1319 230 Syl-

25 250 37 263 *
94 240 193 281 labae
206 242 369 291 ultimae,
385 244 463 294 qua
477 255 612 282 versus
627 240 819 290 abundat,
833 239 1007 278 vocalem
1019 239 1152 279 elisam
1168 239 1316 291 reperis

98 305 166 352 IV,
190 317 205 341 1
219 333 230 352 ‚
250 302 314 342 35.

150 367 217 404 Est
235 365 276 403 in
296 374 421 404 metro
439 367 496 413 ΙΙ,
517 366 595 412 ΙΙΙ,
616 366 682 402 IV.

23 350 40 371 Φ

98 470 288 515 &Versus
303 467 576 520 Asclepiadeus
592 467 731 514 minor,
749 480 776 505 s.
791 479 925 506 versus
943 465 1231 504 choriambicus
1249 465 1316 503 tri-

148 538 270 568 meter
299 529 540 569 antecedenti
567 528 723 576 similis,
742 528 817 567 nisi
845 526 952 580 quod
981 541 1060 566 uno
1085 525 1314 566 choriambo

151 591 382 644 locupletior
401 601 470 630 est.

258 722 339 728 --
418 707 751 738 ·-00-11-0
780 708 851 729 υ-
948 681 1019 729 02

256 750 495 787 Crescentem
515 750 689 800 sequitur
703 763 798 785 cura
811 749 1038 798 pecuniam.
1060 751 1140 795 ΙΙΙ,
1165 748 1231 796 16,
1256 761 1316 796 17.

150 813 305 850 Caesura
319 811 380 850 bis
397 811 538 850 omissa
558 819 630 849 est.

251 873 588 922 Dz'cmflagrantia
604 874 807 922 detorquet
819 873 876 908 ad
890 874 1034 909 oscula.
1055 875 1114 920 ΙΙ,
1143 884 1188 909 12
1200 900 1210 920 ,
1231 871 1293 909 25.

250 936 340 974 Non
359 935 556 985 stipendia
577 934 831 984 Carthaginis
851 934 998 983 impioe.
1020 937 1087 981 IV,
1107 935 1151 981 ὃ,
1177 948 1237 982 17.

144 996 283 1036 Mirari
301 997 410 1044 licet,
428 996 662 1043 Bentleium,
685 994 778 1033 dum
797 995 837 1032 in
860 1003 940 1033 not.
963 995 1013 1033 ad
1032 1009 1131 1034 vers.
1153 1003 1314 1046 poster„

92 1071 141 1096 ex
159 1059 281 1110 pausa
296 1058 337 1096 in
365 1058 493 1095 media
520 1071 617 1096 voce
646 1057 856 1095 constituta
885 1066 1157 1108 argumentum
1177 1058 1314 1094 versus

92 1119 245 1159 delendi
263 1127 418 1171 petens,
438 1118 725 1166 vehementior,
746 1118 805 1156 uti
832 1119 948 1165 solet,
977 1119 1018 1156 in
1044 1117 1313 1157 tenebrionem

92 1182 218 1230 illum,
245 1182 313 1234 qui
341 1182 447 1221 hunc
476 1195 631 1221 versum
660 1181 924 1228 contexuerit,
954 1180 1171 1227 invehitur,
1205 1180 1317 1231 adje-

91 1244 211 1283 cisse:
229 1261 246 1280 «
263 1246 492 1296 Nunquam,
510 1257 560 1282 ne
573 1243 690 1281 semel
709 1242 866 1294 quidem
881 1241 1019 1295 (sciens
1037 1242 1112 1280 hoc
1133 1241 1316 1293 affirmo),

92 1305 264 1345 discessit
294 1304 345 1345 ab
375 1305 451 1344 hac
484 1304 762 1358 (observandae
796 1305 936 1356 nempe
970 1301 1150 1354 caesurae)
1182 1301 1317 1353 regula

94 1377 227 1407 noster
244 1368 286 1407 in
302 1367 569 1420 Asclepiadem
592 1383 608 1401 υ

147 1430 274 1469 Semel
292 1430 332 1468 in
348 1431 471 1482 pausa
489 1429 621 1469 brevis
640 1437 696 1468 est
714 1428 873 1481 syllaba.

180 1492 309 1540 Qubm
327 1493 366 1529 si
380 1493 570 1543 quidquid
585 1501 678 1529 arat
696 1492 863 1542 impiger
879 1491 1042 1540 ApullcS.
1065 1493 1145 1538 111,
1167 1492 1233 1540 16,
1253 1491 1314 1528 26.

148 1553 286 1593 Hiatus
305 1563 363 1592 est
380 1554 420 1591 in
439 1555 560 1605 pausa
575 1556 611 1602 Ι,
631 1555 674 1601 6,
701 1553 766 1601 15,
786 1554 859 1591 nisi
880 1553 982 1604 legas
1002 1552 1220 1590 Merionen.

151 1615 218 1653 Est
235 1614 276 1652 in
293 1623 419 1654 metro
440 1617 480 1662 Ι,
500 1618 560 1663 ΙΙ,
583 1617 663 1663 III,
685 1617 753 1652 IV.

97 1713 287 1763 9.Versus
297 1711 571 1763 Asclepiadeus
588 1712 712 1763 major
728 1725 757 1749 s.
775 1709 1063 1748 choriambicus
1081 1718 1318 1758 tetrameter,

149 1772 389 1812 antecedenti
418 1773 574 1822 similis,
603 1773 678 1812 nisi
705 1771 814 1825 quod
842 1785 922 1810 uno
941 1772 1069 1811 adhflc
1089 1771 1317 1810 choriambo

151 1835 302 1874 auctior
323 1844 392 1874 est.

153 1907 233 1913 --
297 1893 863 1927 -00-11-00-11-00-
953 1894 1030 1916 00

133 1967 229 2014 Quis
234 1976 332 2016 post
343 1968 442 2006 vina
453 1982 610 2018 gravem
631 1968 815 2005 militiam
835 1975 908 2004 aut
913 1968 1150 2017 pauperiem
1170 1976 1320 2016 crepat,

1130 2031 1169 2075 Ι,
1195 2028 1261 2075 18,
1283 2027 1319 2066 5.

150 2089 276 2129 Semel
306 2093 456 2130 tantum
496 2103 642 2130 caesura
677 2099 764 2142 post
800 2090 1014 2129 secundum
1046 2088 1320 2128 choriambum

99 2150 218 2191 abest.
959 2185 963 2189 .

122 2214 346 2264 Arcanique
349 2214 458 2262 fides
464 2214 639 2265 prodiga
645 2213 893 2263 perlucidior
910 2214 1025 2251 vitro.
1047 2215 1086 2261 Ι,
1112 2213 1157 2251 18
1167 2241 1178 2260 ,
1205 2214 1264 2251 16.

154 2290 220 2328 Est
239 2289 280 2327 in
301 2297 425 2328 metro
443 2292 490 2328 V.
