1456 2508
572 135 652 167 LIB-
677 134 712 166 11
735 135 823 167 ODE
845 135 906 167 vl.

1298 131 1362 164 163

140 265 1360 284 mmmmmmsummmmmmw-mmmmoo

521 447 686 505 ODE
731 441 988 504 SEXTA

342 603 436 647 AD
469 603 723 649 TITIUM
757 601 1172 648 SEPTIMIUM.

149 760 355 804 Septimium,
375 771 490 803 quem,
508 769 542 793 ut
556 769 709 804 spectatae
713 761 802 806 fidei
816 761 958 792 amicum
969 784 978 798 ,
996 758 1212 791 remotissima
1232 769 1368 801 quaeque

194 827 301 848 secum
317 816 392 848 loca
409 817 574 848 aditurum
593 828 660 849 esse
675 817 738 848 sibi
749 827 941 859 persuasum
959 814 1072 852 habet,
1092 821 1189 858 rogat
1196 820 1318 856 poeta,
1336 820 1372 844 uc

197 871 332 902 nuncin
350 882 466 915 agrum
485 871 685 903 Tiburtinum
701 872 762 903 vel
779 871 989 903 Tarentinum
1000 893 1009 909 ‚
1027 869 1081 901 ubi
1104 868 1267 911 reliquam
1285 867 1369 899 ‘vica’

190 934 320 970 partem
342 934 563 959 transacturus
577 927 636 966 sit,
656 939 690 960 se
708 928 895 965 comitetur,
918 935 965 964 et,
981 926 1010 957 si
1023 935 1206 968 supremum
1220 923 1307 955 diem
1325 922 1368 954 ibi

196 982 327 1022 obierit,
338 982 403 1024 piis
420 983 564 1014 lacrimis
580 983 704 1015 cineres
724 983 909 1027 spargendo
921 983 1009 1024 justa
1027 981 1087 1013 sibi
1096 980 1270 1023 persolvat.
1292 980 1370 1012 Om-

198 1037 249 1070 m's
264 1037 364 1081 igitur
383 1036 477 1080 hujus
499 1039 652 1071 carminis
664 1038 741 1079 finis
758 1039 792 1070 in
807 1050 892 1071 rarce
904 1062 913 1078 ‚
925 1049 1024 1081 quam
1045 1037 1216 1080 Septimius
1230 1037 1369 1069 Horatio

196 1101 352 1133 voverat,
365 1092 518 1125 amicitiae
534 1095 631 1126 laude
642 1095 817 1137 ponendus
832 1106 900 1126 esse
915 1094 1058 1126 videtur.
1068 1093 1278 1126 ——Eumdem
1296 1095 1372 1136 Sep-

198 1149 323 1182 timium
350 1147 474 1180 Tiberio
499 1149 534 1182 in
558 1151 722 1183 Orientem
742 1148 966 1196 prqficiscenti
993 1150 1202 1182 commendat
1231 1150 1367 1189 Noster,

197 1205 275 1251 infr.
292 1206 356 1248 Ep.
373 1206 408 1241 1,
430 1213 463 1245 9.

258 1320 446 1367 varmx,
460 1318 588 1358 Gades
606 1317 757 1355 aditure
777 1329 928 1354 mecum
949 1323 976 1363 ¹,
999 1325 1038 1354 et

258 1379 497 1418 Cantabrum
516 1379 716 1417 indoctum
729 1378 822 1429 juga
842 1378 943 1415 ferre
961 1386 1112 1425 nostra,
1131 1385 1169 1415 et

259 1439 450 1479 Barbaras
471 1443 622 1492 Syrtes,
643 1438 712 1478 ubi
728 1443 867 1478 Maura
888 1452 1042 1490 semper

526 1503 677 1540 AEstuat
693 1500 797 1539 unda
814 1515 834 1554 :-

207 1631 236 1653 ιχ.
255 1618 365 1652 Gades
393 1620 519 1652 aditure
542 1632 666 1652 mecum
682 1632 693 1651 .·
713 1620 732 1650 ὃ

157 1674 213 1707 tu,
229 1669 287 1710 qui
307 1667 372 1700 tim
390 1675 479 1699 arcto
499 1669 646 1699 amicitiae
662 1669 734 1699 vin—

157 1715 231 1746 culo
246 1725 373 1746 meeum
389 1716 594 1758 conjungeris
605 1738 613 1754 ‚
631 1723 669 1746 ut
680 1738 688 1754 ‚
709 1716 736 1746 si

158 1773 241 1804 opus
264 1769 363 1800 esset,
387 1762 468 1792 mihi
491 1773 598 1793 comes
628 1763 736 1793 adesse

156 1808 356 1851 ubicumque
377 1816 536 1840 terrarum
555 1821 623 1841 non
639 1809 735 1840 dubi-

158 1863 252 1888 tares.
267 1854 343 1888 Non
359 1856 449 1898 quod
464 1855 574 1888 reveri:
590 1858 737 1888 futurum

159 1909 225 1942 est,
240 1902 294 1934 sed
305 1903 405 1945 quod,
419 1903 518 1935 mod&
536 1905 736 1946 postuletur,

159 1950 248 1982 illice>
256 1948 348 1982 fleret
357 1974 366 1990 ,
381 1951 502 1983 indicat
511 1963 569 1994 per
582 1951 666 1983 hanc
682 1963 738 1983 vo-

160 2008 231 2029 cem
241 2020 251 2036 ,
275 1997 413 2031 aditure.
438 2016 486 2023 —-
514 1999 623 2030 Gades
648 2006 740 2031 notat

159 2051 197 2076 ut
211 2045 322 2076 locum
337 2047 585 2077 remotissimum
596 2069 605 2085 ‚
619 2047 740 2078 colum-

159 2092 209 2123 nis
218 2093 386 2124 Herculeis
401 2095 606 2135 proximum3
624 2095 738 2126 Canta-

158 2138 263 2171 briam
273 2162 282 2178 ,
293 2146 331 2170 ut
345 2140 438 2171 bellis
455 2141 604 2172 infestam
619 2148 650 2172 et
664 2142 737 2173 ide&

157 2187 460 2228 periculosissimam
469 2190 633 2231 regionem
642 2200 650 2227 3
662 2192 738 2232 Syr-

157 2241 205 2265 tes
215 2257 225 2274 ,
243 2241 282 2266 ut
296 2235 471 2278 naufragiis
488 2237 621 2267 infames
635 2237 735 2267 innu-

155 2283 270 2323 meris3
289 2282 367 2325 quid
388 2284 491 2325 majus
509 2285 655 2316 amicitiae
675 2291 737 2316 tes-

787 1620 960 1652 timonium
974 1620 987 1650 Ξ·
1017 1629 1085 1660 quo
1117 1618 1245 1650 meliori
1276 1628 1371 1662 argu·

787 1675 910 1706 mento,
926 1666 1084 1708 quantiim
1102 1667 1155 1697 isti
1170 1667 1319 1697 amicitiae
1333 1664 1372 1697 fi-

789 1715 844 1746 dat
853 1738 861 1753 ‚
877 1713 1037 1757 significet
1047 1714 1199 1744 Horatius
1207 1714 1223 1744 Ξ)
1231 1731 1279 1738 —-
1290 1714 1374 1746 Can-

790 1763 916 1794 tabrum
933 1762 1099 1792 indoctum
1102 1761 1190 1804 juga
1190 1759 1282 1804 ferre
1296 1772 1370 1792 nos·

791 1818 844 1841 tra
856 1821 867 1840 .·
887 1811 932 1840 sic
951 1808 1038 1840 infr&
1052 1810 1120 1848 111,
1138 1810 1169 1847 8,
1183 1819 1225 1839 22
1238 1818 1247 1841 :
1259 1808 1370 1847 Servit,

791 1858 951 1899 Hispance
988 1864 1085 1887 vetus
1134 1855 1247 1898 hospes
1284 1867 1369 1893 oroe,

794 1905 972 1943 Cantaber,
989 1902 1066 1935 serii
1081 1903 1222 1935 domitus
1241 1901 1372 1935 calend.

794 1953 969 1991 Cantabri,
989 1952 1132 1994 populus
1148 1948 1312 1994 Hispaniae
1331 1952 1374 1982 fe-

793 2001 994 2039 rocissimus,
1012 2010 1081 2031 eam
1106 2006 1231 2041 partem
1254 1998 1374 2030 incole-

791 2047 870 2078 bant
886 2058 959 2089 quae
985 2045 1076 2078 nime
1092 2046 1234 2078 Ascurioe
1256 2053 1288 2076 et
1303 2045 1373 2077 Bis—

791 2093 869 2125 cai'a
886 2095 1017 2126 dicitur.
1033 2095 1124 2125 Victi
1144 2093 1242 2124 semel
1265 2100 1298 2124 et
1317 2094 1376 2124 ite-

791 2140 865 2173 riim
890 2142 930 2173 ab
957 2144 1128 2184 Augusto,
1161 2141 1201 2171 ab
1229 2139 1374 2183 Agrippi
1397 2154 1401 2156 ·

791 2189 932 2231 deniqne
955 2199 1041 2220 anno
1069 2190 1111 2220 U.
1139 2188 1175 2220 C.
1203 2189 1288 2227 734,
1305 2198 1375 2230 per-

792 2236 908 2268 domiti
933 2244 1021 2269 sunt.
1037 2253 1084 2261 ·—-
1103 2234 1270 2267 Barbaras
1298 2237 1374 2276 Syr*-

793 2292 839 2316 ces
852 2296 863 2316 :
876 2283 950 2316 vide
967 2282 1084 2327 supri,
1100 2283 1164 2316 Od.
1184 2285 1216 2324 1,
1235 2293 1298 2324 υ,
1314 2283 1345 2315 5.
