1456 2508
365 143 429 212 Q.
455 139 742 193 HORATII
765 135 1001 188 FLACCI

182 309 1192 429 CARMINUM

225 569 523 640 LIBER
579 565 689 635 SE
708 530 896 635 (ΜΝ
914 563 1154 633 Βυε.Δ

80 754 1293 774 §sm“zmwmwoemwmxsxmwmutmmsutmflusutstnzx

468 912 620 970 ODE
665 908 911 967 PRIMA

209 1072 293 1116 AD
327 1071 379 1116 C.
407 1069 704 1115 ASINIUM
738 1068 1160 1113 POLLIONEM.

81 1228 116 1260 C.
148 1226 279 1258 Asinius
307 1225 434 1262 Pollio,
462 1224 520 1255 vir
546 1222 742 1260 consularis,
776 1233 869 1264 quem
894 1222 972 1253 belli
989 1223 1148 1265 pacisque
1173 1223 1294 1255 artibus

118 1281 264 1324 Ραήιὲν,
281 1292 322 1312 ac
343 1279 524 1312 litterarum
541 1278 747 1322 ingeniique,
766 1289 829 1319 quo
843 1277 1042 1318 praeclarum
1062 1279 1294 1321 naga-diarum

123 1337 311 1381 scriptorem
326 1347 360 1367 se
368 1335 541 1378 praestitit,
558 1332 667 1377 glorid
692 1333 777 1363 inter
798 1335 963 1364 Romanos
990 1333 1184 1365 excelluisse
1214 1334 1294 1366 satis

69 1398 98 1409 ·’
123 1400 270 1430 constat,
294 1392 367 1423 ciam
385 1391 456 1434 jc'zm
477 1391 515 1422 εὸ
534 1389 721 1421 contulisset
741 1388 848 1419 studia
864 1401 940 1426 sua,
963 1397 997 1420 ue
1018 1389 1098 1420 belli
1114 1390 1214 1422 civilis
1231 1391 1293 1422 his-

122 1448 240 1479 toriam
263 1446 426 1484 scriberet,
449 1445 605 1477 Horatius
629 1456 700 1475 eum
726 1444 758 1474 in
783 1444 842 1474 hoc
870 1444 1014 1476 carmine
1041 1445 1089 1476 ad
1106 1445 1190 1477 illud
1214 1458 1292 1488 opus

90 1509 98 1513 ’
123 1503 251 1536 strenue
258 1501 492 1548 perficiendum
507 1500 701 1532 adhortatur
718 1508 816 1542 acque
833 1499 969 1531 excitat.

183 1653 336 1688 Morum
358 1662 406 1687 ex
425 1649 583 1687 Metello
600 1648 755 1686 consule
775 1647 941 1685 civicum
962 1657 986 1694 ¹,

183 1710 355 1761 Bellique
373 1722 524 1757 causas,
544 1718 582 1747 et
598 1709 713 1756 vitia,
735 1718 772 1747 et
790 1709 944 1756 modos,

131 1845 292 1876 muctam
303 1842 435 1873 civicum
446 1853 456 1873 .·
465 1842 544 1873 belli
552 1843 655 1873 civilis
708 1853 837 1873 morum
865 1843 1107 1885 corruptionem
1119 1865 1128 1882 ,
1150 1846 1292 1887 privato·

78 1889 252 1924 exordium
276 1889 409 1921 indicat.
427 1907 475 1914 —-
496 1891 552 1920 Ex
586 1891 655 1921 Ine-
709 1901 782 1920 rum
796 1890 975 1928 luxuriem,
989 1889 1189 1922 infirmatum
1205 1904 1293 1924 amo-

79 1937 158 1981 tello
172 1937 324 1968 consule:
336 1938 495 1979 Quinctus
508 1937 656 1968 Caecilius
710 1947 778 1967 rem
794 1938 829 1967 iu
848 1949 915 1968 rem
931 1937 1095 1979 publicam
1105 1962 1114 1977 ,
1132 1947 1190 1971 etc.
1204 1962 1212 1978 ‚
1227 1948 1288 1973 etc.

78 1983 231 2017 Metellus
239 1983 331 2016 Celer
346 1985 440 2028 gessit
455 1984 658 2015 consulatum
710 2002 757 2008 —
773 1984 864 2015 Belli
874 1984 961 2015 vitia
978 1996 989 2015 .·
1008 1993 1104 2027 rupta
1126 1988 1291 2029 sanguinis

79 2043 165 2064 anno
182 2030 222 2066 ab
237 2032 279 2063 U.
293 2031 330 2064 C.
347 2032 578 2062 sexcentesimo
596 2042 656 2062 no·
711 2032 857 2070 vincula,
875 2031 986 2062 fratres
1006 2032 1148 2064 fraterno
1170 2036 1289 2066 tinctos

78 2079 241 2123 mgesimo
270 2085 404 2121 quarto,
434 2089 499 2120 qno
529 2079 633 2110 Caesar
643 2101 652 2117 ‚
711 2080 866 2121 sanguine
876 2102 885 2117 ‚
913 2079 1029 2110 violata
1056 2079 1133 2110 fidei
1161 2088 1192 2111 et
1218 2081 1292 2112 hos-

77 2127 252 2169 Pompeius
275 2132 308 2157 et
331 2125 460 2157 Crassus
479 2125 584 2156 foedus
607 2126 655 2156 in·
707 2126 780 2166 pitii
789 2127 874 2165 jura,
890 2127 1042 2156 militares
1055 2126 1193 2167 ducum,
1206 2139 1289 2170 prae-

77 2180 128 2206 ter
139 2184 173 2205 se
187 2172 228 2204 ad
242 2172 462 2215 occupandam
478 2172 656 2214 rempubli-
706 2173 815 2203 sertim
826 2174 971 2215 Pompeii
985 2184 1108 2204 errores
1119 2197 1127 2212 ‚
1139 2181 1211 2214 etc„
1225 2183 1287 2208 etc.

78 2230 148 2252 enm
163 2221 320 2255 inierunt,
340 2221 384 2252 Ea
401 2220 504 2262 prima
517 2219 595 2253 belli
612 2221 655 2250 ci-
708 2238 756 2243 —
768 2220 858 2251 Belli
871 2221 984 2251 modos
998 2231 1009 2250 .·
1025 2222 1108 2252 refer
1123 2221 1162 2251 ad
1181 2223 1290 2264 copia-

76 2267 152 2300 vilin
174 2267 274 2302 labes.
290 2285 338 2292 -
355 2266 503 2310 Bellique
518 2277 655 2298 causas:
710 2278 782 2297 rum
810 2278 997 2308 numerum,
1019 2269 1153 2307 itinera,
1170 2276 1290 2302 castro-

238 2334 270 2371 1.
1113 2324 1157 2360 13
