1456 2508
523 126 604 157 Lm.
629 125 645 155 1
669 124 758 157 onE
781 123 827 157 ιι.
1248 133 1289 164 29

204 187 371 226 Piscium
389 183 403 209 ³
425 194 462 224 et
483 185 632 223 summa
652 192 771 234 genus
789 181 902 223 haesit
920 182 1044 230 ulmo,

204 252 308 288 Nota
327 261 413 300 quae
433 246 542 286 sedes
559 246 686 283 fuerat
705 243 913 291 columbis,

203 312 252 349 Et
271 310 490 362 superjecto
508 306 658 359 pavidae
674 313 858 343 natarunt

391 374 562 422 AEquore
582 368 715 407 damae.

205 432 382 471 Vidimus
398 432 543 470 flavum
559 431 574 460 4
592 428 787 475 Tiberim,
806 436 963 466 retorus

206 494 339 531 Litore
357 496 520 531 Etrusco
539 490 730 529 violenter
750 489 880 537 undis,

206 556 270 593 Ire
286 554 476 606 dejectum
495 560 744 591 monumenta
763 550 879 601 Regis

391 614 628 665 Templaque
646 615 792 658 Vestae3

207 675 289 714 Iliae
308 676 400 714 dnm
417 689 457 714 se
474 673 490 698 5
509 675 671 712 nimium
692 671 872 724 querenti

204 739 330 775 Jactat
347 737 532 783 ultorem,
553 747 675 786 vagus
696 744 734 772 et
754 733 909 772 sinistra

205 797 369 837 Labitur
386 799 492 850 ripa,
511 801 608 836 Jove
625 810 703 835 non
723 795 934 847 probante,
953 808 997 832 u-

389 859 523 898 xorius
544 858 677 896 amnis.

74 1018 144 1049 tor,
173 1010 334 1042 immania
361 1009 452 1052 cujus
475 1010 653 1047 Armenta,

76 1066 109 1090 et
125 1065 231 1100 turpes
241 1057 350 1100 pascit
367 1057 423 1088 sub
433 1057 564 1100 gurgite
573 1056 656 1099 pho-

76 1116 143 1138 cas.
164 1107 254 1149 Virg.
282 1107 400 1148 Georg.
425 1107 482 1144 IV,
515 1106 592 1146 395.
610 1123 659 1129 -—

77 1152 158 1196 Egit
166 1153 272 1184 visere
280 1177 290 1191 ‚
305 1153 431 1196 poetice
445 1153 544 1194 magis
559 1151 658 1194 quiim

75 1201 298 1244 grammatice,
314 1211 377 1243 pro
388 1224 397 1240 ‚
414 1200 481 1242 egit
497 1199 617 1232 visum.

123 1249 158 1281 3.
181 1248 323 1283 Piscium
347 1255 381 1279 ec
402 1245 576 1280 summa...
602 1247 659 1278 has

75 1304 201 1338 magne
230 1296 417 1329 calamitatis
450 1297 659 1327 circumstan-

76 1344 154 1384 tias,
175 1351 214 1376 ut
235 1344 333 1375 nimis
348 1351 478 1381 tenues,
495 1349 527 1374 et
541 1339 660 1385 graiis-

76 1391 164 1424 simae
177 1392 279 1434 ipsius
298 1391 377 1423 odes
394 1391 536 1423 materiae
551 1388 660 1421 minus

78 1446 306 1472 consentaneas
322 1438 418 1470 multi
429 1439 533 1470 critici
543 1461 552 1476 ‚
573 1439 660 1469 inter

78 1497 162 1528 quos
188 1486 414 1529 hypercriticus
435 1486 592 1528 Scaliger,
610 1486 660 1517 vi·

78 1535 288 1578 tuperavere;
303 1545 409 1576 neque
426 1533 466 1564 ab
481 1544 596 1565 eornm
611 1544 659 1563 se-

61 1582 212 1618 'ua’inte
235 1581 440 1620 dissentiam,
462 1582 526 1612 nisi
552 1587 660 1611 tamen

78 1635 246 1672 poetarum
260 1630 396 1671 ingenio
410 1628 570 1660 nonnulla
593 1639 660 1659 esse

79 1673 295 1718 andstandan
307 1677 402 1708 fateri
411 1676 532 1708 malim.

72 1736 111 1773 φ’
126 1722 467 1769 4.Vid1‘musflavum
494 1722 630 1754 Tiberim
649 1735 661 1754 :

27 1802 31 1813 „
78 1781 215 1815 Qper‘
224 1771 366 1806 turbidae
383 1779 415 1804 et
430 1771 521 1802 flavae
535 1771 662 1803 Tiberis

30 1815 40 1851 Τ
78 1818 196 1859 W?
209 1828 308 1862 quem
331 1819 475 1851 colorem
493 1826 663 1861 tempestas

27 1872 43 1901 f
70 1863 122 1904 ab
137 1867 230 1899 nives
257 1873 428 1898 auxerant.
451 1885 500 1891 —-
523 1865 663 1898 Retortis

28 1934 31 1935 ν
78 1913 178 1954 Usta&
195 1913 288 1947 litare
302 1916 438 1947 Etr-mco
452 1926 464 1946 ,·
484 1913 581 1945 undis
597 1915 663 1946 vio-

81 1961 185 1994 lenter
201 1961 338 2004 repulsis
348 1962 417 1994 sive
433 1961 451 1994 ἐι
466 1961 580 1993 dextra
593 1961 663 2004 ripa

83 2018 158 2051 qua
170 2008 213 2041 ad
229 2010 392 2041 Etruriam
414 2017 555 2052 spectat,
570 2016 602 2040 et
617 2010 662 2040 sic

59 2099 66 2104 .
80 2057 121 2088 in
144 2057 306 2088 sinistram
320 2058 435 2100 vripam
464 2056 528 2099 quai
553 2059 665 2088 Romae

60 2105 65 2109 “
80 2105 202 2141 moenia
214 2103 307 2136 alluit
317 2104 549 2149 refluentibus,
562 2105 630 2135 sive
645 2103 664 2135 a

75 2151 255 2194 {Tyrrheno
269 2153 351 2184 muri
369 2153 405 2190 in
423 2151 517 2194 quod
531 2158 663 2182 natura-

81 2196 156 2235 liter
163 2198 290 2238 influit,
300 2198 340 2230 ad
348 2201 471 2233 Ostiam
481 2223 490 2238 ‚
503 2198 602 2230 hodie
615 2198 663 2230 Ci-

81 2242 148 2286 w'fl}
161 2249 191 2277 V
191 2245 313 2280 ecchia.
327 2265 373 2272 —-
387 2249 604 2279 Monumeuta
618 2257 663 2277 re—

29 2325 32 2328 *
77 2292 146 2335 gis,
167 2296 286 2339 regiam
307 2297 423 2330 Numae
435 2295 599 2338 Pompilii.
615 2313 663 2319 —-

711 1027 758 1033 --
778 1008 979 1050 Templaque
995 1009 1103 1039 Vestce
1118 1020 1129 1038 :
1143 1007 1206 1039 fuit
1222 1011 1298 1042 Ves-

712 1063 743 1087 ta
774 1058 906 1087 Saturni
934 1055 1016 1094 filia,
1048 1067 1090 1086 ex
1116 1058 1204 1098 Ope,
1231 1057 1304 1091 foci

713 1111 822 1135 custos
835 1111 866 1134 et
879 1115 1013 1146 praeses,
1024 1104 1078 1134 cui
1091 1105 1197 1136 Numa
1207 1106 1299 1136 Pom-

711 1153 809 1194 pilius
829 1151 930 1182 aedem
948 1150 1096 1182 condidit
1119 1153 1214 1193 regiae
1232 1163 1299 1184 suae

713 1200 912 1242 contiguam.
924 1198 1088 1231 Plutarch.
1099 1200 1135 1230 in
1144 1199 1222 1231 Vita
1234 1202 1299 1233 Nu-

712 1257 784 1278 mae.

763 1295 799 1327 5.
811 1293 885 1325 lliae
902 1294 981 1326 ditm
996 1305 1080 1328 se....
1097 1306 1210 1327 sensus
1225 1304 1271 1327 est
1291 1308 1300 1329 :

714 1341 794 1374 dum
817 1342 964 1381 Tiberis,
990 1349 1028 1374 nt
1042 1344 1142 1374 uxori
1165 1354 1232 1375 suae
1251 1355 1300 1375 sa·-
1347 1351 1354 1355 '

713 1390 850 1421 tisfaciat
858 1413 868 1429 ‚
881 1390 1076 1422 immodicus
1088 1392 1236 1434 exsurgit
1249 1391 1299 1424 nl·-

714 1445 783 1475 tor‚
797 1443 840 1474 et,
854 1443 972 1478 praeter
979 1438 1000 1468 J
1003 1438 1074 1468 ovis
1086 1438 1300 1479 voluntatem,

713 1482 841 1516 sinistra
861 1484 930 1526 ripa
956 1491 1119 1527 evagatur.
1142 1503 1191 1509 ——
1207 1486 1296 1526 llice,

714 1532 775 1563 Ilia
802 1532 938 1564 Romuli
966 1539 1084 1571 mater,
1113 1532 1191 1564 ficta
1215 1545 1302 1566 uxor

714 1580 860 1618 Tiberis,
888 1579 979 1621 quod
1002 1581 1039 1611 iu
1063 1591 1139 1612 eum
1161 1581 1301 1614 fluvium

714 1627 839 1659 Amulii
855 1627 947 1667 jussu
965 1626 1110 1659 demersa
1123 1629 1239 1662 fuerat.
1254 1649 1303 1654 —

718 1675 874 1717 Querenti
886 1686 898 1705 .·
912 1675 1034 1707 scilicet
1047 1676 1091 1707 ob
1102 1687 1216 1708 necem
1233 1678 1302 1710 Cae-

714 1724 804 1760 saris,
819 1724 947 1764 cognati
962 1725 1010 1754 sui
1021 1747 1030 1761 ‚
1041 1722 1192 1764 ciunille,
1206 1732 1244 1756 ut
1256 1727 1305 1768 ip-

715 1781 748 1802 sa
761 1770 819 1802 Ilia
828 1793 836 1808 ‚
855 1770 897 1800 ab
910 1771 983 1802 Iulo
996 1772 1064 1803 sive
1072 1773 1227 1811 Ascanio,
1238 1775 1304 1805 ori-

715 1819 823 1861 ginem
833 1828 922 1848 suam
937 1819 1083 1851 duceret.
1094 1820 1302 1860 ——Nt'mium‚

715 1876 785 1896 non
811 1865 1039 1898 adverbialiter
1067 1867 1108 1898 ad
1135 1869 1300 1910 querenti,

717 1913 773 1944 sed
795 1913 959 1956 adjective·
975 1914 1015 1944 ad
1037 1915 1194 1953 ultorem,
1223 1916 1304 1948 refe-

715 1960 854 1992 rendum
867 1967 960 2003 puto.
973 1979 1022 1986 ·-
1031 1962 1167 1994 Labitur
1177 1974 1188 1993 :
1203 1964 1304 2006 vulgo

718 2007 787 2039 labi
807 2008 847 2039 de
865 2008 995 2051 placido
1022 2021 1180 2052 aquarum
1203 2021 1303 2042 cursu

716 2056 931 2098 intelligitur-3
966 2056 1082 2089 verum
1114 2059 1181 2089 vim
1212 2058 1304 2090 addit

718 2103 887 2145 epitheton
915 2115 1034 2147 vagus.
1059 2123 1107 2130 —-
1126 2105 1266 2136 Πιονίαι
1291 2118 1304 2137 .-

717 2153 816 2182 nxori
833 2152 930 2182 nimis
950 2153 1144 2196 indulgens3
1158 2161 1197 2184 ut
1209 2155 1306 2197 Virg.

717 2199 844 2231 AEneid.
872 2201 931 2239 IV,
959 2201 1044 2240 266,
1064 2199 1184 2243 pulehr
1239 2212 1304 2243 que

716 2247 851 2277 uxorius
866 2247 975 2278 urbem
994 2249 1158 2280 Eaestruis.
1168 2266 1216 2273 -—-
1247 2260 1303 2279 ove

718 2305 785 2326 non
803 2295 982 2337 probante,
1006 2296 1084 2338 quia
1101 2297 1218 2337 majori
1241 2296 1304 2328 deo

1121 2361 1164 2399 3*
