1456 2508
516 92 598 125 ΗΒ.
622 92 639 123 1
664 91 752 124 ODE
777 90 839 122 m.

232 152 313 201 Qui
330 153 429 191 vidit
446 165 554 192 mare
573 151 771 204 turgidum
790 157 830 188 et

254 220 257 225 ’
275 215 443 253 Infames
462 215 644 266 scopulos
662 209 1012 252 Acrocerauniaffi?

222 276 496 328 Nequidquiun
520 277 616 315 deus
632 275 798 315 abscidit

256 353 258 355 ’
277 338 451 376 Prudens
471 350 617 376 oceano
638 335 875 375 dissociabili
886 334 916 363 ¹4

224 400 383 446 Terras,
402 399 435 438 si
454 408 582 437 tamen
599 398 729 450 impiae
741 397 768 421 ¹⁵

278 462 367 498 Non
386 461 578 512 tangenda
598 470 700 499 rates
719 459 941 499 transiliunt
959 459 1069 497 vada.

223 519 362 558 Audax
380 521 509 559 omnia
529 522 682 572 perpeti
691 521 720 544 ¹⁶

278 586 381 621 Gens
400 582 570 620 humana
590 582 670 620 ruit
688 595 760 634 per
778 581 942 620 vetitum
957 581 1074 620 nefas.

222 642 363 681 Audax
381 644 505 695 Iapeti
525 651 682 695 genus¹7

274 706 408 755 Ignem
427 705 566 743 fraude
585 705 686 743 male
705 704 885 756 gentibus
903 703 1045 743 intulit.

220 766 348 804 Post¹⁸
366 766 494 818 ignem
514 767 673 805 aetherizi
692 767 810 804 domo

273 826 538 874 Subductum‚
558 827 698 866 macies
718 836 756 866 et
775 840 876 866 nova
896 825 1062 865 febrium

220 888 350 926 Terris
366 889 545 927 incubuit
564 889 706 927 cohors
725 905 733 927 ε

271 951 494 1002 Semotique
513 950 660 1001 prit1s¹⁹
681 950 791 988 tarda
810 949 1017 988 necessitas

1247 89 1290 120 35

1255 228 1286 245 20

1252 530 1282 553 25

218 1010 321 1058 Leti,
342 1011 532 1063 corripuit
551 1010 726 1062 gradum.

109 1161 160 1192 13.
184 1159 428 1191 Acroceraunia
443 1171 454 1189 :
470 1160 525 1191 alti
542 1171 635 1191 mon-

56 1215 119 1248 tes,
145 1210 182 1240 iu
203 1207 300 1239 litore
325 1209 433 1250 Epiri,
460 1209 545 1239 inter
569 1210 634 1239 Ha·

53 1255 226 1290 ‹ln-iaticum
238 1263 270 1287 et
282 1257 430 1288 Ionicum
445 1267 548 1294 mare,
563 1266 636 1298 pro-

54 1307 213 1337 minantes
222 1326 232 1343 ,
246 1303 382 1336 fulmine
395 1304 479 1346 saepe
494 1303 561 1335 icti.

18 1385 22 1387 λ
106 1358 158 1390 14.
177 1353 311 1383 Oceano
332 1351 530 1383 dissociabili
543 1363 554 1382 .·
576 1353 633 1393 qui

52 1410 154 1434 terras
177 1399 379 1439 dissociaret,
396 1401 503 1431 activo
519 1411 630 1439 sensu3

51 1450 83 1480 ui
97 1449 224 1492 passivo
245 1447 354 1486 malis,
377 1449 433 1489 qui
448 1458 524 1478 cum
539 1449 632 1478 terris

52 1497 169 1529 sociari
185 1496 315 1537 nequit,
333 1494 378 1527 it&
400 1502 437 1525 ut
453 1494 566 1526 couti-ii
581 1506 631 1525 re-

47 1553 127 1576 tum
149 1549 296 1574 naturam
310 1566 320 1581 ‚
347 1542 461 1573 contra
489 1542 631 1584 pruden-

52 1592 131 1624 tium
151 1589 287 1622 deorum
312 1591 413 1631 egerit
436 1591 560 1632 primus
583 1591 634 1620 in-

53 1643 170 1671 ventor
189 1639 419 1680 navigationis,
445 1637 507 1679 quai
534 1640 633 1669 Ocea-

50 1695 115 1717 nus
125 1683 230 1728 rdpsii
247 1695 323 1721 cum
335 1687 428 1716 terris
438 1685 587 1726 jungitur
602 1691 633 1715 et

21 1768 27 1776 x
54 1733 286 1764 commercium
300 1733 373 1764 init.
394 1735 538 1773 Uterque
562 1743 631 1763 sen-

49 1790 108 1812 sus
119 1779 242 1822 phcet3
258 1779 350 1822 elige.

105 1828 159 1859 15.
175 1826 290 1868 Impiae
302 1838 314 1857 :
326 1837 399 1868 quae
413 1826 530 1858 audent
543 1826 632 1868 quod

51 1874 107 1906 dei
118 1874 255 1907 consilio
268 1875 405 1905 vetitum
421 1882 477 1906 est.

103 1922 156 1954 16.
185 1922 311 1953 Audax
342 1921 453 1952 omnia
479 1922 611 1962 perpeti
619 1935 630 1958 ;

50 1969 259 2001 hellenismus
268 1968 334 2008 iiam
346 1976 475 1999 notatus
484 1992 493 2005 ‚
507 1976 539 1998 et
551 1969 631 2000 adeo

50 2016 201 2058 frequens
215 2023 254 2047 ut
268 2026 341 2046 eum
353 2016 480 2047 silentio
494 2015 630 2047 ulterius

51 2065 226 2106 trunsigere
240 2073 308 2094 non
321 2063 517 2094 dubitemus.

101 2122 116 2142 1
124 2121 141 2151 7
147 2136 156 2144 .
163 2110 272 2152 Iapeti
274 2121 380 2152 gemes
387 2121 398 2141 :
408 2110 628 2150 Prometheus,

2 2154 3 2157 ¹
49 2159 153 2200 Iapeti
182 2156 271 2188 filius
287 2180 296 2195 ‚
329 2159 388 2199 qui
414 2158 523 2200 ignem
552 2157 628 2189 solis

21 2219 23 2221 ·
48 2207 162 2237 currui
182 2204 362 2237 detractum
386 2212 480 2236 terrae
505 2206 630 2247 primus

46 2253 217 2291 intulerat;
244 2253 337 2293 cujus
361 2251 502 2284 audaciae
517 2252 630 2282 crude-

689 1160 735 1191 les
751 1170 863 1202 poenas
885 1161 964 1199 luit,
983 1161 1020 1192 in
1041 1172 1168 1193 summo
1191 1163 1274 1195 Cau—

690 1209 753 1239 casi
773 1209 893 1239 vertice
918 1210 994 1252 rupi
1018 1207 1155 1248 affixus,
1177 1217 1210 1241 et
1226 1210 1272 1241 la-

688 1257 795 1286 niatus
823 1255 840 1286 ὸ
870 1255 1002 1287 vulture
1027 1257 1151 1288 viscera
1180 1258 1265 1298 ejus,

688 1304 793 1345 poenis
813 1303 950 1334 fecunda
965 1311 997 1335 et
1018 1303 1058 1335 ad
1075 1305 1274 1347 supplicium

687 1353 885 1385 renascentia
896 1374 904 1390 ,
925 1351 1128 1394 depascente.

740 1399 791 1430 18.
807 1402 903 1436 Pom
918 1399 1041 1430 indicat
1054 1401 1136 1431 mala
1151 1400 1272 1442 quibus

687 1446 869 1477 obnoxium
884 1454 932 1477 est
953 1447 1131 1480 humanum
1150 1458 1268 1491 genus,

685 1494 831 1536 sacrilegi
850 1493 931 1524 furti
948 1505 1078 1536 poenam
1095 1495 1203 1526 fuisse.
1223 1513 1271 1519 —-

685 1541 811 1572 Macies
816 1554 828 1578 ;
843 1541 880 1572 ad
893 1549 1062 1584 egestatem
1075 1549 1107 1574 et
1120 1542 1268 1574 ciborum

687 1589 826 1620 maxime
848 1590 1104 1620 necessariorum
1121 1589 1268 1633 indigen-

689 1637 764 1667 tiam
779 1636 893 1667 referri
916 1636 1023 1669 debet.
1039 1655 1087 1661 -—
1104 1639 1199 1669 Nova
1218 1648 1269 1668 co-

686 1682 760 1714 hors
781 1695 792 1714 :
809 1682 967 1714 hactenus
989 1685 1124 1716 omnini)
1146 1686 1267 1727 ignota.

685 1750 732 1754 —
763 1731 928 1768 Incubm't‚·
955 1743 1022 1773 quo
1056 1732 1158 1764 verbo
1187 1734 1268 1764 mire

684 1786 818 1810 notatur
840 1780 1018 1821 pervicacia
1045 1787 1078 1811 et
1101 1779 1268 1812 assiduitas

685 1827 846 1858 malorum
862 1827 1008 1857 homines
1024 1827 1254 1859 obsidentium.

738 1885 790 1915 19.
816 1874 1002 1916 Sernotique
1018 1874 1128 1915 priics;
1156 1886 1267 1906 seusus

685 1920 804 1952 obvius
816 1928 882 1953 est:
895 1921 1096 1960 hominibus,
1104 1923 1162 1964 qui
1175 1922 1266 1954 anteit

684 1967 808 1999 diutius
820 1970 929 1999 vivere
942 1969 1106 2008 solebant,
1118 1970 1185 2000 vita
1198 1970 1267 2000 bre-

685 2017 756 2046 vior
775 2017 927 2058 contigit,
953 2027 1040 2047 mors
1061 2015 1266 2048 acceleratihs

683 2063 824 2094 advenit.
851 2064 1009 2105 Expende
1036 2065 1171 2105 poeticae
1202 2063 1266 2095 dic-

683 2111 780 2141 tionis
801 2118 963 2142 ornatum.
980 2111 1099 2142 Viden'
1119 2118 1156 2142 ut
1180 2112 1266 2143 lente

683 2156 762 2188 fluat
782 2159 873 2200 prior
898 2169 1026 2196 versuS,
1045 2169 1112 2200 quo
1134 2159 1264 2190 tardita-

683 2212 748 2235 tem
768 2207 880 2236 mortis
902 2204 1045 2236 incesuss
1059 2213 1157 2248 poeta
1171 2208 1267 2250 signi·

683 2250 776 2285 ficet.
797 2251 873 2283 dum
889 2253 970 2294 ipsi,
986 2264 1044 2294 per
1058 2253 1205 2296 rapidum
1228 2254 1266 2284 il-
