1456 2508
478 132 559 164 Lm.
582 132 599 162 1
623 130 712 164 oDE
735 132 895 164 xxvm.

1226 130 1290 160 115

71 188 232 227 Naturae
250 189 424 241 verique.
447 189 524 229 Sed
543 202 678 229 omnes
694 202 774 230 una
791 198 921 229 manet
936 201 1015 228 nox
1033 189 1062 235 ⁵,
1258 198 1291 221 1⁵

152 250 202 287 Et
220 251 405 289 calcanda
424 252 542 290 semel
561 252 625 290 via
643 252 751 290 lethi.

73 309 176 346 Dant
195 311 292 349 alios
309 312 437 350 Furiae
457 321 570 350 torvo
588 312 808 363 spectacula
821 312 940 350 Marti
956 311 994 347 ⁶:

153 371 282 409 Exitio
301 380 359 410 est
377 373 534 411 avidum
551 384 657 411 mare
674 373 803 411 nautis
819 388 829 411 ε

73 431 198 470 Mixta
217 446 352 471 senum
369 446 413 472 ae
422 435 612 486 juvenum
631 435 842 473 densnteur
858 435 994 472 funera
1005 462 1016 483 ‚
1032 433 1180 472 nullutn

153 497 263 533 Saeva
282 505 398 547 caput
413 497 645 548 Proserpina
663 497 773 548 fugit.
1258 510 1291 526 ²0

74 556 139 592 Me
155 569 312 608 quoque
331 557 469 596 devexi
484 558 644 609 rapidus
663 571 792 596 comes
811 556 971 596 Orionis
989 567 1004 590 7

152 617 317 668 Illyricis
332 622 456 657 Notus
479 619 611 658 obruit
627 619 751 658 undis.

74 680 124 716 At
141 685 184 715 tu
195 708 206 727 ,
223 687 362 727 nauta,
381 693 488 731 vagae
507 694 556 719 ne
575 693 690 732 parce
706 681 894 732 malignus
915 692 1041 718 arenae
1058 678 1072 700 ⁸

152 740 314 779 Ossibus
333 750 371 779 et
388 742 506 793 capiti
521 742 723 780 inhumato

71 902 114 933 do
134 903 295 934 verissime
317 909 349 934 et
372 904 535 934 sanissime
557 903 653 934 disse-

72 951 157 988 ruit,
171 956 204 980 et
227 950 374 981 inaudita
392 949 549 982 haetenus
572 951 652 993 dog-

73 1000 159 1028 mata
179 997 334 1039 protulit,
355 997 446 1028 extri
472 998 610 1029 dubium
634 997 652 1028 a

72 1044 270 1086 sapientibus
295 1045 409 1086 posita.
447 1047 496 1078 Ne
527 1045 654 1077 excidat

73 1090 309 1134 Pythagoreum
324 1092 428 1134 loqui.

122 1137 156 1179 5.
167 1139 234 1170 Sed
244 1150 355 1171 omnes
365 1150 431 1170 una
443 1148 555 1171 manet
565 1151 634 1171 nox
642 1151 654 1170 .-

74 1186 301 1230 conjungenda
322 1198 386 1219 vox
404 1187 464 1218 sed
479 1198 553 1218 cum
570 1198 653 1229 prae-

73 1232 279 1274 cedentibus,
297 1236 388 1276 quasi
401 1234 543 1266 diceret:
562 1236 654 1266 Frus-

71 1280 120 1312 tria
137 1279 214 1313 deos
231 1292 348 1313 mensae
366 1289 431 1313 tuae
447 1282 631 1313 adhibueris
641 1305 650 1321 ,

70 1328 190 1360 frustra
204 1329 271 1360 deae
283 1329 421 1360 dilectus
434 1329 531 1360 fueris
542 1353 550 1367 ,
570 1336 630 1360 etc.
642 1352 651 1368 ‚

71 1375 129 1407 sed
146 1382 252 1408 tamen
270 1376 350 1416 tibi,
365 1384 403 1408 ut
421 1377 490 1408 aliis
512 1377 652 1408 hornini-

71 1422 154 1463 bus,
166 1423 370 1456 moriendum
382 1425 454 1456 erit.
467 1425 568 1455 —Ec
584 1423 652 1455 cal-

71 1471 181 1502 canda
200 1472 302 1503 semel
327 1471 389 1502 via
411 1470 520 1503 lethi:
544 1472 596 1503 Sic
618 1472 653 1502 in

72 1516 173 1560 Epist.
186 1519 228 1550 D.
242 1519 334 1550 Pauli
348 1518 390 1550 ad
402 1519 573 1557 Heobraes,
586 1519 652 1556 IX,

74 1575 139 1606 ²73
155 1568 318 1598 Scacutum
333 1574 382 1598 est
393 1567 540 1599 omnibus
553 1565 654 1597 Ιιοιηί-

72 1612 166 1645 nibus
177 1614 280 1646 semel
295 1612 391 1646 mori.

121 1661 155 1693 6.
165 1663 260 1694 Dant
266 1661 347 1693 alios
355 1661 460 1693 Furiae
469 1668 556 1692 corvo
567 1673 654 1703 spec-

66 1708 183 1740 taoeda
200 1709 304 1740 Marti
316 1720 327 1739 :
343 1710 367 1740 F
370 1709 448 1740 uriae
466 1710 551 1740 enim
571 1720 652 1751 prae-

70 1754 122 1787 liis
143 1756 322 1795 intersunt,
335 1764 516 1798 pugnantes
531 1756 570 1787 ad
594 1768 651 1788 cae-

71 1801 147 1837 dem
168 1803 305 1835 incitant
331 1810 364 1834 et
389 1803 543 1835 cadavera
573 1806 652 1836 occi-

71 1846 236 1889 dentium,
265 1857 391 1892 gratum
411 1852 510 1882 Marti
531 1859 652 1893 specta-

71 1897 202 1936 culum,
223 1899 294 1929 Deo
312 1905 474 1944 ostentant
496 1900 554 1940 qui
577 1910 650 1930 san-

71 1945 171 1986 guine
183 1945 311 1986 gaudet.
322 1947 585 1976 —Densencars
599 1947 650 1977 vel

69 1991 265 2031 densantur3
289 1992 423 2023 densere
441 2000 473 2023 et
489 1993 645 2031 densare,

69 2039 208 2070 alterum
236 2050 298 2081 pro
329 2040 431 2071 altero
466 2041 650 2081 promiscue

69 2093 257 2127 usurpatur;
267 2086 407 2117 densare
417 2095 526 2118 tamen
539 2089 649 2129 purio—

67 2133 113 2164 ris
127 2133 368 2166 estlatinitatis.
377 2151 425 2158 -
440 2135 574 2165 Nullum
593 2146 647 2165 ca-

59 2187 126 2221 pue
146 2180 344 2222 Proserpzna
363 2180 424 2224 fit„
411 2180 475 2218 crit,
507 2182 558 2212 vel
587 2193 645 2224 per

64 2225 276 2270 hypallagen,
304 2239 365 2270 pro
392 2228 519 2259 nullum
548 2236 645 2270 caput

63 2273 147 2318 fugit
157 2276 380 2318 Proserpinam
391 2298 401 2315 ,
418 2275 470 2307 vel
489 2276 645 2308 allusione

705 904 745 935 ad
772 911 912 935 veterem
937 903 1200 946 superstitionem
1227 903 1290 944 quin

706 951 880 983 credebant
897 962 965 982 non
979 951 1051 982 ante
1069 952 1167 981 morti
1181 951 1292 991 proxi-

707 1011 776 1030 mos
805 1010 994 1041 supremum
1021 1008 1114 1041 posse
1143 996 1292 1028 exhalare

707 1048 856 1088 spiritum
866 1070 874 1085 ‚
907 1045 1004 1088 quiam
1046 1045 1064 1076 a
1098 1043 1292 1086 Proserpina

708 1093 938 1131 tonderentur,
953 1093 1004 1124 his
1021 1092 1124 1124 veluti
1140 1092 1293 1134 primitiis

708 1144 794 1173 Orco
812 1142 989 1180 auctorati3
1012 1147 1050 1171 ut
1062 1140 1155 1182 Virg.
1172 1139 1212 1171 de
1237 1140 1293 1171 Di-

707 1187 792 1219 done
809 1199 817 1221 :
842 1188 986 1219 nondicm
1005 1187 1056 1219 illi
1059 1187 1189 1232 flavum
1212 1190 1293 1218 Pro-

706 1235 837 1277 serpina
856 1235 982 1266 vertice
996 1235 1120 1266 crinem
1139 1234 1289 1266 Abstule-

706 1291 769 1315 ναι.
788 1285 862 1315 AEn.
882 1285 983 1322 w,v.
1005 1283 1085 1325 698.

756 1342 786 1370 7.
801 1332 856 1362 Me
869 1341 996 1373 qnoque
1008 1329 1126 1362 devexi
1126 1353 1184 1362 .....
1201 1329 1292 1360 Orio-

707 1378 756 1409 nis
771 1390 782 1409 :
796 1385 930 1409 venator
952 1378 1087 1420 insignis
1117 1377 1215 1408 fuisse
1245 1376 1291 1408 di-

706 1428 809 1463 citur,
822 1426 880 1467 qui
901 1424 919 1455 a
942 1426 1114 1467 scorpione
1137 1424 1289 1456 vulnera-

707 1481 775 1512 tus,
787 1472 858 1510 vel,
874 1479 911 1503 ut
922 1474 1076 1504 Horatius
1090 1471 1148 1504 lib.
1166 1473 1199 1503 ΙΙ
1210 1495 1219 1511 ,
1233 1471 1290 1504 od.

708 1528 727 1559 4
740 1544 749 1560 ‚
772 1521 876 1558 canit,
892 1519 911 1550 εὶ
927 1518 1047 1558 Diana,
1072 1521 1125 1550 cui
1147 1519 1215 1550 vim
1239 1520 1291 1550 in-

707 1568 789 1599 ferre
805 1567 966 1607 tentabat,
985 1567 1107 1611 sagittis
1121 1564 1291 1605 confixus,

705 1616 742 1647 iu
756 1616 873 1647 coelum
886 1615 1059 1646 translatus
1068 1622 1130 1651 est,
1147 1620 1178 1645 et
1187 1613 1292 1655 prope

706 1664 806 1694 Tauri
829 1662 917 1694 sidus
941 1662 1128 1694 collocatus.
1157 1661 1291 1693 Constat

704 1709 769 1741 hoe
794 1711 925 1743 Orionis
945 1711 1075 1752 signum
1101 1708 1201 1740 stellis
1220 1719 1289 1740 sex-

704 1757 809 1789 decim
819 1782 827 1796 ,
851 1764 883 1788 et
906 1768 1035 1800 magnas
1046 1781 1055 1796 ,
1080 1755 1156 1788 ciim
1182 1756 1289 1787 oritur

705 1805 865 1836 occiditve
875 1828 884 1843 ‚
900 1812 1104 1847 tempestates
1126 1804 1286 1835 concitat:

704 1852 791 1884 unde
817 1853 980 1883 nimbosus
996 1852 1097 1883 Orion
1115 1858 1252 1883 vocatur
1268 1850 1286 1881 a

703 1900 843 1942 Virgilio
854 1923 863 1939 ,
880 1907 912 1930 et
926 1899 980 1931 hic
994 1899 1090 1931 datur
1109 1898 1159 1930 illi
1178 1909 1286 1930 comes

703 1949 826 1985 Notus,
836 1948 1034 1978 meridianus
1048 1953 1165 1978 ventus
1175 1953 1241 1976 ater
1255 1952 1287 1976 et

702 1995 913 2036 procellosus
923 1995 1099 2028 ——Devexi
1111 2006 1122 2025 .·
1139 1995 1174 2023 in
1193 2003 1284 2024 occa·

703 2053 774 2073 sum
790 2044 898 2083 proni.

751 2090 782 2122 8.
794 2091 847 2120 Ne
858 2101 961 2131 parce
976 2090 1139 2133 malignus
1151 2100 1262 2120 arenae
1272 2100 1283 2119 .·

700 2136 795 2168 arena
807 2160 816 2175 ‚
830 2148 898 2168 non
914 2138 1007 2168 avare
1018 2160 1027 2176 ‚
1038 2137 1093 2168 sed
1106 2137 1171 2167 tiim
1184 2136 1285 2168 abun-

699 2184 812 2215 danter
825 2194 945 2225 corpus
959 2195 1068 2215 meum
1083 2185 1215 2226 cooperi
1224 2207 1233 2222 ,
1247 2191 1284 2215 ut

698 2230 774 2262 vera
786 2238 818 2262 et
832 2230 979 2262 absoluta
993 2230 1157 2273 sepulturi
1173 2231 1279 2270 fruar,

698 2286 731 2310 et
744 2277 788 2310 ita
803 2278 932 2310 tandem
949 2279 1186 2322 conquiescam.
