1456 2508
122 114 187 152 164

512 121 552 160 Q.
574 119 758 150 HORATII
781 119 932 151 FLACCI

219 174 360 222 Tibur,
379 178 506 227 Argeo
524 177 690 227 positum
708 177 844 215 colono
863 185 896 224 ²,

223 235 282 272 Sit
301 236 393 272 mihi
410 236 517 274 sedes
537 238 682 274 utinam
701 239 877 274 senectae!

223 294 280 332 Sit
296 294 431 332 modus
446 296 543 332 lasso
559 295 672 332 maris
686 325 696 343 ,
714 305 751 333 et
766 297 936 344 viarum,

488 354 722 404 Militiaeque.

229 411 340 448 Unde
356 412 387 448 si
404 414 530 449 Parcae
546 413 752 463 prohibent
768 413 907 464 iniquae
926 413 960 462 ³,

223 469 344 505 Dulce
363 470 501 520 pellitis
516 471 652 509 ovibus
672 473 808 509 Galaesi

1285 489 1315 506 to

223 529 397 576 Flumen,
413 538 450 567 et
466 540 626 580 regnata
647 541 772 581 petam
792 532 936 569 Laconi

485 593 590 627 Rura
607 592 800 629 Phalanto.

222 649 290 686 Ille
309 658 497 686 terrarum
518 651 531 679 4
548 651 640 687 mihi
661 661 798 701 praeter·
814 664 945 688 omnes

222 707 393 757 Angulus
410 708 526 755 ridet,
543 707 610 746 ubi
631 724 707 747 non

222 768 338 805 Mella
355 768 563 814 decedunt,
585 769 773 818 viridique
791 778 910 806 certat

727 713 907 759 Hymetto

1282 779 1312 804 ιε

486 831 606 865 Bacca
626 830 791 866 Venafro
809 844 818 866 :

223 889 300 924 Ver
318 884 386 925 ubi
404 887 570 938 longum,
587 888 809 938 tepidasque
828 887 973 938 praebet

165 1073 197 1095 2.
213 1062 322 1099 Tibur,
342 1063 450 1106 Argeo
468 1062 607 1104 positum
631 1075 682 1094 co-

118 1108 199 1140 lono
211 1119 225 1139 .·
238 1109 278 1139 de
295 1109 415 1140 Tibure
426 1132 435 1146 ,
453 1117 484 1140 et
500 1110 539 1140 de
556 1110 684 1140 Tiburis

119 1155 339 1186 conditoribus
367 1156 499 1186 consule
527 1155 621 1196 supra
649 1159 663 1186 I
675 1178 684 1193 ,

123 1202 163 1232 18
175 1224 184 1239 ‚
202 1211 233 1232 2.
247 1203 355 1233 Nexus
372 1202 477 1231 autem
495 1202 658 1232 sententiae
678 1212 686 1233 :

117 1258 186 1278 non
201 1246 266 1277 tam
290 1246 405 1284 ardua,
425 1246 489 1277 tam
510 1248 686 1288 periculosa

119 1294 158 1324 ab
167 1294 269 1323 amico
278 1303 350 1323 meo
364 1294 530 1333 requiram.
547 1294 686 1324 Unicum

117 1338 199 1370 illud
213 1339 290 1370 mihi
306 1340 340 1369 in
357 1340 439 1369 votis
450 1362 458 1375 ,
476 1341 510 1369 in
526 1338 599 1369 villa
618 1339 685 1369 mea

118 1384 287 1417 Tiburtina
315 1385 516 1425 tranquillam
543 1393 686 1415 senectu-

118 1438 182 1462 tem
198 1431 321 1472 degere.
341 1449 387 1454 ——-
401 1431 448 1461 Sit
472 1431 583 1460 modus
604 1432 688 1462 lasso

119 1478 217 1508 maris
234 1488 246 1507 .·
273 1484 421 1508 construe
446 1487 454 1508 :
482 1477 560 1506 mihi
588 1478 686 1515 lasso,

120 1524 223 1555 Tibur
249 1523 289 1554 sic
315 1523 444 1559 modus,
469 1524 508 1553 sit
535 1525 687 1553 terminus

119 1570 351 1600 maritimorum
376 1576 408 1598 et
429 1570 625 1599 terrestrium
647 1570 687 1598 la·-

119 1616 252 1652 bomm,
265 1615 404 1655 adeoque
418 1616 515 1656 ipsius
531 1615 661 1645 militiae.

167 1663 198 1692 3.
215 1661 307 1692 Unde
334 1661 363 1691 si
384 1663 496 1691 Parcae
519 1660 690 1700 prohibent

120 1707 240 1748 iniquae
263 1718 274 1738 .-
303 1708 330 1737 si
355 1707 412 1737 fati
439 1709 585 1747 asperitas
611 1707 687 1747 (fati

119 1754 204 1784 enim
221 1755 328 1784 Parcae
343 1760 418 1783 sunt
430 1751 601 1793 ministrae)
619 1760 686 1783 tan-

120 1807 185 1830 tam
202 1800 279 1829 mihi
296 1800 478 1830 felicitatem
491 1799 622 1830 invidet.
639 1817 685 1823 —

121 1846 223 1877 Dulce
235 1844 358 1886 pellicis
378 1846 482 1875 ovibus
497 1856 508 1874 .·
527 1846 559 1873 in
577 1845 684 1875 dativo

120 1902 204 1923 casn.
217 1892 395 1922 -Flumen
411 1891 533 1922 Galaesi
541 1902 551 1920 .·
566 1890 684 1922 flumen

119 1938 156 1969 in
183 1937 344 1974 Calabria,
369 1937 460 1976 juxta
491 1939 682 1975 Tarentum,

120 1984 447 2025 versibusVirgilianis
458 1985 491 2013 in
500 1984 683 2024 IV⁰Georg.

120 2030 419 2066 celebratissimum3
446 2029 492 2059 ibi
520 2040 594 2059 oves
622 2029 685 2059 tam

121 2077 282 2117 praestanti
304 2076 375 2106 lana
397 2075 629 2111 vestiebantur,
649 2082 685 2105 ut

120 2124 154 2152 in
178 2123 301 2164 pascuis
325 2122 439 2152 vellera
463 2132 589 2159 earum,
608 2132 684 2162 pan-

120 2169 170 2198 nis
179 2167 369 2209 quibusdam
382 2169 586 2209 superpositis
595 2191 603 2205 ,
614 2178 686 2197 con-

122 2213 170 2245 tra
182 2214 254 2246 coeli
266 2215 484 2255 intemperiem
494 2236 504 2253 ,
520 2214 641 2255 pluvias
654 2220 685 2243 et

735 1064 849 1105 frigora
865 1064 1078 1094 munirentur.
1098 1080 1144 1087 —
1158 1065 1305 1105 Regnaca

729 1117 841 1150 petam
867 1110 988 1139 Laconi
1014 1111 1100 1140 Rura
1125 1109 1301 1141 Phalanto.
1320 1112 1328 1118 '

738 1156 858 1186 Urbem
872 1158 1043 1186 Tarentum
1057 1155 1242 1186 condiderat
1253 1156 1304 1187 vel

736 1202 963 1232 instauraverat
978 1201 1146 1232 Phalantus
1163 1201 1303 1242 quidam,

736 1247 833 1278 hoino
844 1249 972 1278 Graecus
983 1269 993 1284 ,
1008 1248 1025 1277 e
1040 1245 1188 1284 Laconia,
1202 1249 1303 1289 regio-

738 1304 777 1323 ne
791 1294 1018 1334 Peloponnesi,
1031 1294 1067 1324 in
1090 1293 1212 1323 Italiam
1233 1304 1304 1334 pro-

737 1340 849 1371 fectus.
883 1339 1001 1370 Eadem
1034 1346 1106 1369 vota
1135 1340 1303 1380 exprimit,

739 1387 840 1426 Epist.
860 1387 892 1422 I,
917 1396 955 1424 7,
982 1391 1045 1422 44:
1055 1384 1140 1416 Mihi
1149 1383 1223 1426 ja'm
1240 1396 1305 1416 non

740 1432 829 1473 regia
856 1434 977 1467 Roma,
1003 1431 1069 1461 Sed
1093 1441 1231 1461 vacuum
1257 1431 1307 1462 Ti-
1324 1457 1335 1465 ,,

740 1478 798 1507 bur
816 1478 926 1518 placet
953 1485 1011 1507 auc
1037 1477 1163 1507 imbelle
1186 1478 1306 1508 Taren·
1315 1486 1318 1487 ⁷

743 1531 819 1554 tum.

788 1575 818 1606 4.
836 1570 897 1599 Ille
913 1576 1088 1599 terrarum:
1100 1568 1188 1598 hunc
1197 1568 1304 1599 locum

739 1617 878 1645 imitatus
896 1621 942 1644 est
957 1614 1073 1645 Fenelo
1082 1637 1091 1652 ,
1107 1615 1142 1644 in
1156 1613 1216 1644 ode
1226 1636 1235 1652 ,
1251 1616 1304 1645 cni

739 1661 866 1691 Titulus
896 1670 904 1691 z
933 1662 1124 1701 Montagnes
1149 1660 1190 1690 de
1215 1660 1309 1690 I’Au-

740 1717 854 1748 vergne
877 1717 887 1735 .·
916 1706 972 1736 Cet
996 1705 1137 1736 hem-eux
1163 1705 1236 1736 coin
1263 1706 1304 1736 de

739 1753 773 1782 la
797 1761 876 1783 terre
896 1754 950 1782 Me
969 1749 1056 1792 plai'c
1077 1758 1107 1781 et
1131 1751 1171 1782 rit
1193 1752 1216 1782 ὰ
1239 1762 1305 1782 mes

732 1810 834 1838 yeux.
845 1816 891 1821 ——
909 1797 968 1828 Ubi
984 1808 1048 1828 non
1062 1799 1211 1836 Hymetto
1226 1797 1304 1828 Mel-

738 1845 772 1875 la
802 1844 968 1874 decedunt.
992 1861 1040 1868 --
1053 1845 1127 1874 Non
1153 1843 1303 1874 inferiora

738 1891 902 1932 Hymettio
929 1890 1034 1927 melli3
1055 1891 1224 1931 Hymettus
1249 1899 1304 1920 au-

738 1938 818 1974 tem,
837 1947 927 1966 mons
948 1936 1081 1966 Athenis
1099 1935 1199 1976 prope
1226 1945 1302 1966 con-

737 1985 855 2024 tiguus.
868 1998 916 2006 ·-
933 1983 964 2010 V
961 1981 1093 2023 iridique
1107 1988 1206 2012 certat
1221 1983 1304 2012 Bae-

738 2041 778 2059 ειι
797 2027 938 2070 Venafro
961 2038 972 2057 .·
1001 2035 1032 2058 et
1054 2027 1111 2058 ubi
1134 2027 1246 2065 bacca,
1266 2027 1301 2058 id

738 2082 783 2105 est
794 2098 802 2111 ‚
816 2085 922 2105 semen
937 2074 987 2104 vel
998 2073 1077 2105 adeo
1090 2074 1211 2104 fructus
1223 2071 1302 2104 012ae

738 2122 927 2157 Tarentinae,
937 2119 975 2150 de
986 2121 1165 2161 principatu
1175 2125 1301 2150 conten-

739 2166 786 2196 dit
803 2177 876 2197 cum
892 2165 987 2196 bacca
1001 2165 1196 2203 Venafraua,
1213 2162 1300 2204 equi

739 2213 844 2244 oleum
866 2212 1029 2251 viridantis
1053 2211 1183 2249 coloris,
1206 2217 1237 2241 et
1255 2209 1301 2240 id-
