1404 2482
465 135 547 169 LlB.
569 135 621 167 111
643 134 733 167 ODE
756 136 915 168 XXVIII.

1233 132 1298 162 331

217 234 220 238 ,
405 193 596 231 Inclinare
614 191 815 231 meridiem
1288 197 1302 221 ⁵

195 252 344 303 Sentis,
366 266 432 300 ac,
451 253 572 292 veluti
591 261 666 292 stet
678 254 848 292 volucris
868 253 970 301 dies,

409 315 537 354 Parcis
556 315 734 367 deripere
749 316 892 354 horreo
914 322 928 337 ⁹·

196 376 414 414 cessantem
433 376 561 414 Bibuli
580 378 747 416 consulis
767 376 1006 427 amphoram.

406 440 487 477 Nos
506 438 746 478 cantabimus
761 437 927 476 invicem
944 436 960 460 3

146 513 154 520 =
196 497 443 548 Neptunum,
463 507 502 537 et
522 499 664 538 virides
686 498 897 538 Nereidum
915 511 1066 547 coma53
1274 513 1305 530 1⁰

409 562 468 598 Tu
483 564 603 599 curva
621 561 768 599 recines
786 561 870 611 lyra
1015 588 1026 605 ,

199 621 387 664 Latonam
398 649 409 669 ‚
425 630 462 659 et
476 622 610 659 celeris
623 622 771 673 spicula
787 622 986 672 Cynthiae3

412 683 571 720 Summo
589 683 776 729 carmine,
797 696 883 734 quae
902 682 1053 721 Cnidon

184 743 478 794 -Fulgentesque
498 752 601 783 tenet
620 743 806 795 Cycladas
818 774 829 792 ‚
854 754 892 783 et
909 745 1069 796 Paphon

411 809 434 844 J
436 807 558 846 unctis
577 806 667 845 visit
685 805 870 845 oloribus.
1278 814 1310 839 1⁵

199 864 361 904 Dicetur
378 867 515 905 merita
533 870 620 906 Nox
637 880 793 919 quoque
812 868 949 906 naenia.

96 997 229 1030 locutus
246 1006 304 1032 est.
314 999 401 1031 Vide
414 1007 522 1032 notam
537 1002 573 1032 in
587 1001 676 1033 hunc

97 1044 218 1078 locum.

149 1103 182 1125 α.
205 1092 359 1136 Den'pere
382 1094 496 1126 horreo
511 1106 523 1126 .·
538 1094 612 1126 vide
624 1106 677 1127 su-

100 1143 159 1183 pra
173 1163 182 1180 ,
199 1141 264 1174 od.
282 1143 348 1180 111,
373 1152 433 1182 21,
451 1153 482 1182 7,
507 1150 618 1174 notam
635 1145 676 1180 3,

99 1190 138 1230 in
149 1187 233 1220 hanc
263 1199 354 1220 ocem
366 1190 536 1222 descende.
546 1208 594 1215 -—
606 1191 679 1222 Ces-

99 1242 194 1267 sante
283 1236 451 1279 mphoram
475 1248 487 1268 .·
527 1237 679 1280 amphora

99 1283 203 1322 enim,
223 1293 364 1316 cessante
374 1308 383 1324 ‚
408 1296 478 1316 non
508 1284 678 1316 festinante

98 1329 206 1373 Lyde,
231 1333 351 1363 morari
380 1333 449 1374 ipsa
474 1332 614 1364 videtur.
630 1350 676 1357 ——

96 1396 145 1403 --
155 1377 264 1409 Bibuli
271 1379 410 1410 consulis
419 1390 430 1409 :
443 1380 570 1421 plenam
583 1382 673 1419 vino,

97 1425 159 1456 sub
179 1426 350 1457 consulatu
363 1427 490 1466 Bibuli,
504 1438 673 1469 expresso3

95 1473 233 1504 Bibulus
246 1474 451 1505 consulatum
465 1482 603 1517 gesserat
617 1486 674 1506 an-

96 1530 141 1551 no
156 1522 198 1552 U.
210 1520 236 1552 C
250 1522 429 1560 DCXCIV,
444 1532 511 1563 quo
529 1528 673 1563 tempore

94 1577 196 1599 annos
217 1575 339 1611 septem
364 1575 460 1600 natus
490 1576 556 1600 erat
571 1571 674 1601 Hora-

96 1615 170 1647 tius.
202 1616 313 1658 Itaque
323 1639 332 1655 ‚
360 1617 501 1648 Caecubo
512 1639 522 1655 ,
539 1616 580 1647 de
606 1628 674 1659 quo

95 1663 218 1704 agitur,
231 1663 392 1695 laudanda
408 1671 549 1695 vetustas
559 1664 675 1696 inerat.

142 1711 175 1742 3.
187 1711 327 1742 Invicem
335 1722 346 1741 .·
355 1713 496 1742 carmine
505 1711 660 1742 amoebaeo
669 1724 677 1751 3

93 1768 152 1799 per
178 1759 284 1798 vices,
315 1759 506 1790 alternatim.
526 1776 572 1782 --
593 1759 677 1790 Vin·-

96 1804 154 1837 des
165 1816 177 1836 .·
185 1814 240 1838 ant
247 1805 366 1849 potius,
377 1806 542 1845 eaeruleos,
553 1807 587 1836 in
599 1807 677 1838 viri-

96 1851 167 1884 dem
175 1854 316 1886 colorem
325 1853 520 1892 delabentes,
531 1853 571 1884 ab
581 1864 672 1895 aquae

95 1902 227 1932 marinae
249 1901 369 1932 colore.
398 1919 447 1924 —
476 1902 506 1931 T
503 1912 522 1931 u
545 1912 557 1931 .-
582 1909 671 1942 post-

93 1947 192 1990 qualm
212 1948 335 1980 alterno
360 1949 500 1979 carmine
516 1949 671 1980 Nereidas

94 2002 127 2026 et
150 1996 339 2038 Neptunum
350 2019 359 2036 ‚
378 2003 415 2027 ut
446 1996 482 2026 in
509 1995 562 2026 die
589 1995 671 2028 festo

729 1000 840 1042 decet,
852 1000 1121 1032 celebraverimus
1130 1023 1141 1038 ,
1157 1001 1216 1038 Tu,
1231 1000 1309 1037 sola,

729 1049 835 1091 lyram
856 1049 1051 1090 suscipiens,
1070 1048 1195 1078 recines
1219 1048 1312 1078 Lato-

729 1106 805 1126 nam
826 1103 859 1126 et
882 1094 983 1126 filiam
1009 1097 1155 1134 Latonae,
1174 1096 1312 1126 Dianam

730 1144 937 1174 venatricem.
962 1160 1011 1166 —
1029 1144 1162 1173 Summo
1194 1141 1315 1173 carmi-

732 1201 772 1221 ne
785 1201 797 1221 .·
810 1191 917 1221 ultimi
939 1191 1044 1221 nostri
1064 1195 1178 1220 cantus
1193 1190 1316 1221 Veneri

733 1237 1021 1269 consecrabuntur.
1030 1255 1079 1261 ·—
1090 1236 1216 1268 Cnidon
1225 1248 1237 1268 .-
1246 1236 1313 1268 vid.

731 1295 844 1327 supra,
861 1284 924 1317 Od.
945 1287 978 1323 1,
999 1285 1054 1323 30,
1074 1295 1102 1316 1.
1118 1285 1313 1328 ——Fulgen-

731 1339 778 1363 tes
802 1332 966 1373 Cycladas
984 1344 996 1363 :
1022 1331 1085 1364 Od.
1104 1333 1140 1370 1,
1174 1338 1213 1370 14
1227 1355 1235 1370 ‚
1259 1343 1311 1373 19·

729 1397 776 1404 —
790 1378 928 1421 Paphon
946 1391 957 1411 :
978 1382 1011 1418 I,
1031 1381 1092 1418 30,
1115 1390 1143 1410 1.
1156 1381 1311 1410 -Jtmc-

730 1426 770 1457 tis
784 1427 942 1459 oloribus:
953 1428 1077 1467 junctis
1093 1429 1224 1469 cygnis,
1241 1428 1313 1468 qui-

729 1474 791 1505 bus
805 1475 942 1506 Veneris
970 1485 1086 1505 currus
1114 1473 1310 1506 trahebatur.

728 1540 775 1546 —-
789 1521 925 1552 Dicetur
939 1518 1056 1552 meritd
1075 1522 1154 1552 Nox
1181 1532 1310 1563 quoque

729 1567 841 1601 ηιεηίᾶ
854 1580 865 1599 .·
888 1580 955 1600 non
975 1569 1115 1600 obscure
1139 1575 1231 1600 notat
1245 1570 1311 1599 Ve-

730 1627 864 1647 nereum
890 1627 1022 1648 carmen
1033 1615 1171 1656 junctim
1192 1626 1313 1646 canen-

732 1663 810 1694 dum
821 1686 830 1701 ‚
858 1663 959 1705 idque
987 1663 1055 1694 fore
1090 1673 1280 1705 supremum
1300 1673 1308 1694 2

733 1712 775 1741 ait
785 1711 870 1741 enim
881 1712 1018 1743 Noctem
1028 1710 1207 1741 desiderare
1217 1720 1307 1741 suam

732 1759 888 1795 naeniam,
911 1758 1001 1799 quasi
1018 1758 1095 1789 velit
1117 1758 1153 1788 in
1182 1758 1307 1799 gremio

730 1805 819 1848 Lyde
834 1803 925 1836 velut
938 1806 973 1836 in
987 1806 1079 1836 cunis
1094 1806 1202 1847 vagire
1219 1805 1307 1845 sopi-

728 1854 820 1894 rique
833 1863 841 1890 ;
858 1858 890 1883 et
905 1854 1017 1884 nescio
1032 1851 1075 1883 an
1096 1862 1166 1883 non
1181 1850 1305 1882 alludat

724 1900 766 1933 ad
777 1911 846 1932 eam
860 1901 1044 1931 cantionem
1054 1922 1063 1938 ‚
1078 1899 1143 1941 qua
1161 1900 1304 1930 nutrices

725 1949 774 1979 nti
801 1947 930 1986 solent,
951 1946 989 1978 iit
1014 1947 1189 1979 infantium
1218 1956 1303 1977 som-

724 2006 804 2026 num
816 2002 1005 2037 provocent.
