1456 2508
211 116 254 146 8ο

590 117 631 156 Q.
656 115 839 147 uonna
863 113 1014 146 ruem

317 177 391 211 Irae
410 173 599 222 Thyesten
615 173 630 196 ⁵
652 174 768 211 exitio
787 173 896 223 gravi

317 237 510 279 Stravere,
532 242 569 270 et
589 233 671 270 altis
690 231 850 270 urbibus
868 233 1012 275 ultimae

370 295 516 329 Stetere
536 305 676 339 causae,
696 305 765 329 cur
783 292 952 343 perirent
1316 338 1320 343 ⁵

421 352 626 398 Funditus,
645 353 954 403 imprimeretque
973 350 1092 388 muris
1368 366 1398 382 2⁰

318 412 464 448 Hostile
485 420 652 450 aratrum
671 412 859 449 exercitus
876 411 1052 448 insolens.

318 473 521 521 Compesce
540 481 703 509 mentem
726 486 735 507 τ
751 485 811 509 me
830 483 983 521 quoque
1001 468 1166 520 pectoris

371 531 546 568 Tentavit
562 532 599 568 in
619 531 718 568 dulci
735 532 893 582 juventa
911 531 926 553 ⁶

420 592 580 637 Fervor,
599 601 638 628 et
655 592 694 628 in
713 592 852 628 celeres
870 590 1017 628 iambos

320 650 426 687 Misit
446 650 633 687 furentem
655 665 662 687 :
682 663 783 688 nunc
800 663 870 702 ego
890 650 1044 688 mitibus
1063 658 1077 679 7
1371 658 1402 682 2⁵

211 783 342 821 juvante
367 782 462 812 fratre
490 793 549 812 suo
575 783 759 823 Epimetheo
770 806 779 820 ‚

215 828 272 868 qui
288 826 362 857 cum
375 827 492 858 bonam
509 829 621 869 optimi
635 829 695 858 luti
711 839 781 869 par-

215 880 279 903 tem
315 874 350 904 in
380 872 537 916 fingendis
570 875 781 905 animantibus

216 920 476 961 consumpsisset,
494 927 620 950 coactus
642 927 687 950 est
709 923 782 951 Pro-

214 965 358 996 metheus
378 966 563 1006 particulam
588 966 723 1006 aliquam
742 978 782 997 ex

215 1011 326 1041 iisdem
350 1012 563 1042 animantibus
594 1011 780 1053 decerpere,

215 1057 279 1098 qua
292 1057 454 1088 hominem
471 1065 597 1099 augeret
613 1069 646 1088 ac
659 1057 780 1090 ditaret.

219 1121 262 1126 ——
277 1103 420 1144 Principi
434 1103 510 1134 limo
527 1115 538 1134 :
554 1105 649 1142 limo,
664 1115 703 1134 ex
719 1116 782 1146 quo

832 783 946 814 urbem
957 782 1123 824 nunquam
1135 783 1154 813 ὸ
1166 783 1267 813 ruinis
1280 793 1399 812 surrec-

833 836 935 859 turam
966 829 1148 867 nuntiabat3
1177 828 1265 869 qnod
1297 830 1399 867 Trojae

833 876 974 917 contigit.
991 874 1199 916 Semisepulta
1212 872 1319 904 virtim
1335 885 1400 904 cur-

833 920 1047 962 visfhritmcur
1060 920 1175 951 aratris
1193 921 1282 950 Ossa.
1303 920 1399 951 ovid.

834 967 967 999 Heroid.
989 969 1020 1005 1,
1051 967 1108 1004 533
1134 966 1249 997 deinde
1271 973 1302 996 et
1325 966 1400 997 Gar-

835 1013 965 1054 thagini.

882 1059 913 1090 6.
930 1061 970 1089 In
989 1059 1076 1089 dulci
1091 1056 1247 1100 juventd;
1269 1057 1400 1100 longum

836 1106 910 1146 ergo
929 1112 1052 1146 tempus
1074 1104 1254 1142 effluxerat,
1272 1114 1313 1134 ex
1334 1115 1400 1145 qno

215 1150 355 1190 primum
364 1150 524 1181 hominem
537 1151 784 1183 formaverat.—-
826 1151 943 1193 fitrens
962 1154 1071 1183 Horat.
1097 1151 1130 1181 in
1145 1151 1262 1181 celeres
1282 1150 1402 1180 iambos

220 1195 369 1234 Coactus,
390 1197 523 1228 subaud.
538 1196 641 1238 fin‘sse
656 1208 666 1227 .·
683 1197 782 1228 fertur

217 1249 349 1272 coactus
377 1243 471 1273 fuisse
497 1243 622 1274 addere.
647 1261 692 1266 ——
721 1246 783 1273 Un—

216 1287 311 1329 dique
337 1289 495 1319 desectam
527 1300 538 1319 :
568 1301 608 1319 ex
633 1290 782 1320 omnibus

216 1335 413 1366 animalibus.
437 1353 481 1359 —
505 1335 676 1365 Stomacho
692 1348 703 1366 :
718 1343 782 1366 sto-

217 1380 362 1419 machus,
383 1382 557 1412 iracundiae
582 1382 685 1418 sedes,
709 1382 782 1422 quia

216 1427 251 1456 in
269 1437 341 1456 eum
360 1427 432 1458 bilis
453 1428 637 1458 infunditur
657 1435 688 1458 et
706 1439 781 1458 con—

216 1474 384 1513 coquitur;
416 1474 502 1504 unde
526 1474 621 1515 snpra
646 1475 712 1512 VI,
744 1475 782 1512 6,

213 1529 341 1560 gravem
357 1519 480 1551 Pelidae
495 1520 703 1551 stomachum.

264 1566 294 1596 5.
314 1567 376 1596 Irae
403 1565 556 1605 Thyesten
567 1578 580 1602 ;
600 1565 701 1596 filium
725 1568 782 1597 Pe-

215 1611 316 1652 lopis,
334 1619 483 1653 nepotem
498 1613 638 1650 Tantali,
654 1613 725 1653 qui,
746 1619 782 1642 ut

194 1664 202 1670 “
216 1664 403 1698 conceptam
423 1659 458 1689 in
481 1659 608 1688 fratrem
631 1670 725 1688 suum
738 1660 782 1688 A·

216 1709 319 1734 trenm
338 1703 416 1734 iram
439 1705 596 1745 expleret,
611 1706 677 1743 ejus
700 1715 781 1734 uxo·

215 1759 282 1779 rem
323 1751 504 1788 temeravit3
543 1751 660 1781 Atreus
707 1751 782 1781 vero

216 1795 362 1836 Thyestae
375 1796 491 1826 liberos
506 1798 587 1838 patri
609 1797 782 1837 epulandos

217 1842 374 1882 apposuit.
399 1841 504 1883 Quam
532 1845 629 1873 tristia
655 1844 725 1880 irae,
752 1849 783 1873 et

216 1887 376 1918 ultionum
393 1898 470 1929 quas
492 1890 536 1919 ira
560 1891 660 1930 parit,
678 1900 782 1919 exem-

216 1933 286 1974 pla!
302 1952 349 1957 —-
370 1933 495 1965 Ultima.=
518 1942 630 1966 stetere
652 1946 758 1966 cansoe
771 1946 782 1965 .·

217 1981 425 2021 gravissimae,
445 1981 584 2011 exitiales
601 1982 686 2011 fuere
709 1992 781 2011 cau-

217 2035 268 2057 sae.
290 2027 390 2058 Porro
407 2034 518 2057 stetere
541 2028 661 2068 quanto
683 2028 782 2068 poeti-

219 2081 291 2102 cum
305 2073 402 2114 magis
418 2081 449 2103 et
462 2073 583 2104 illustre
598 2073 691 2115 quam
708 2075 781 2103 sim-

218 2118 294 2158 plex
305 2118 386 2149 illud
389 2119 484 2161 ficere
492 2122 506 2149 Ι
517 2137 564 2142 --
576 2119 783 2159 lmprt'meret-

217 2174 279 2203 que
302 2165 397 2195 muris
423 2165 534 2196 hostile
557 2174 697 2196 aratrum
714 2177 725 2194 .·
742 2165 784 2195 fa-

217 2209 276 2241 tale
289 2212 413 2252 siguum
429 2222 494 2253 quo
509 2213 613 2243 vietor
627 2213 783 2243 ferociens

836 1198 945 1228 missus
963 1199 1073 1228 fuerat.
1087 1199 1160 1229 Non
1175 1198 1272 1239 igitur
1290 1196 1398 1227 adver-

834 1243 887 1274 sus
901 1245 1039 1285 puellam
1053 1244 1156 1274 multo
1172 1254 1204 1273 se
1222 1244 1397 1282 juniorem,

835 1297 866 1320 et
887 1300 978 1330 quam
995 1292 1125 1320 amicam
1147 1290 1208 1319 sibi
1229 1289 1399 1319 adsciscere

835 1336 1051 1366 ardentissime
1071 1345 1160 1366 nunc
1179 1337 1282 1376 cupit,
1301 1335 1399 1375 scrip-

835 1389 930 1420 serat,
959 1382 1013 1412 sed
1038 1381 1186 1413 adversus
1213 1383 1314 1422 ipsius
1338 1390 1402 1410 ma—

836 1435 914 1459 trem
927 1451 935 1466 ,
953 1439 1040 1469 quae,
1060 1429 1135 1459 licet
1149 1426 1253 1458 adhuc
1267 1426 1400 1468 pulchra

835 1476 891 1512 sit,
907 1485 979 1504 cum
988 1474 1078 1516 poeta
1088 1498 1096 1512 ‚
1111 1476 1137 1505 si
1150 1483 1217 1504 non
1229 1483 1400 1510 senescere,

835 1527 866 1550 at
901 1521 1010 1551 saltem
1039 1527 1247 1551 maturescere
1277 1518 1399 1550 debuit.

835 1568 938 1606 Quam
965 1565 1181 1598 inevitabilem
1207 1572 1244 1596 nt
1265 1565 1402 1596 declinet

834 1613 1069 1643 conclusionem
1077 1636 1086 1651 ,
1096 1614 1320 1653 interpretatur
1329 1612 1401 1642 Mit-

834 1658 989 1688 scherlich
1003 1659 1070 1689 haec
1083 1658 1193 1695 verba,
1210 1658 1243 1688 in
1258 1657 1345 1687 dulci
1352 1656 1401 1698 ju-

835 1703 944 1741 νοηιᾶ,
972 1705 1010 1734 de
1033 1705 1180 1746 praesenti
1203 1705 1282 1734 vatis
1300 1710 1398 1734 oetate.

835 1752 905 1787 Me,
924 1751 1045 1791 inquit,
1058 1751 1206 1793 juvenem
1224 1747 1299 1780 ὂντα.
1316 1748 1402 1779 misit

826 1796 938 1838 firvor
951 1803 1011 1827 etc.
1029 1798 1109 1837 Quis
1119 1819 1127 1834 ,
1145 1795 1261 1827 attente
1276 1801 1399 1826 textum

834 1843 984 1884 legendo,
1013 1853 1151 1873 errorem
1182 1842 1342 1872 clarissimi
1368 1847 1400 1871 et

834 1889 960 1920 doctiss.
976 1888 1102 1919 aliunde
1114 1889 1176 1919 viri
1187 1898 1254 1919 non
1267 1887 1400 1918 sentiet?

835 1934 924 1965 Illud
931 1935 983 1976 egi
995 1933 1181 1976 injuventd,
1194 1945 1302 1965 nonne
1312 1942 1401 1975 aper-

835 1981 951 2011 tissime
977 1980 1154 2022 significat?
1180 1980 1262 2011 illud
1285 1979 1339 2021 egi
1363 1989 1400 2009 eo

836 2034 973 2066 tempore
986 2038 1048 2068 qno
1054 2027 1180 2068 juvenis
1194 2037 1292 2057 eram.
1309 2024 1400 2056 Adde

835 2073 923 2113 quod
947 2073 1109 2114 epitheton
1124 2095 1132 2111 ‚
1148 2072 1252 2108 dulci,
1283 2071 1400 2102 deside-

835 2121 918 2149 rium
929 2119 1039 2160 elapsae
1045 2120 1222 2158 juventutis
1237 2118 1399 2159 exprimit.

884 2175 914 2203 7.
931 2166 1026 2196 Nunc
1047 2176 1106 2207 ego
1127 2164 1260 2196 mitibus,
1283 2165 1399 2194 Nune.-

836 2221 957 2242 novum
981 2218 1200 2254 argumentum
1221 2217 1399 2252 temporum
