1456 2508
245 148 305 169 102
627 140 667 179 Q.
693 112 874 170 HORATIi
897 138 1043 172 FIACCI

348 197 484 247 Urget!
505 196 566 234 cui
585 197 728 244 Pudor,
752 205 789 235 et
807 201 827 235 J
833 198 967 236 ustitiae
985 211 1093 236 soror

347 259 573 307 Incorrupta
591 258 720 304 Fides,
741 257 918 307 nudaque
934 259 1082 296 Veritas
1118 287 1122 292 ,

452 314 614 362 Quando
628 317 746 353 ullum
762 317 926 354 invenIet
942 318 1094 367 parem?

350 376 482 414 Multis
501 377 563 413 ille
581 377 691 414 bonis
710 377 845 415 flebilis
864 377 1002 415 occidit
1018 391 1026 413 :

348 435 452 472 Nulli
469 435 631 473 flebilior
649 438 762 486 quam
782 435 852 474 tibi
870 434 904 484 4,
923 436 1077 486 Virgili!

348 496 405 531 Tu
424 494 564 532 frustra
581 495 686 545 pius,
706 495 800 532 heu!
821 509 897 532 non
917 496 969 532 ita
986 495 1171 533 creditum

454 556 579 592 Poscis
599 556 845 601 Quinctilium
864 558 975 593 Deos.

350 613 463 660 Quod
482 614 514 651 si
531 615 708 652 Threicio
725 615 900 654 blandius
921 616 1078 666 Orpheo

348 671 530 710 Auditam
550 672 564 695 ⁵
583 674 781 712 moderere
802 675 1004 713 arboribus
1023 676 1152 723 fidem,

248 799 342 834 poeta
359 794 426 834 ipse
445 803 572 835 quoque
594 805 660 826 non
677 803 813 826 contem-

249 838 374 869 nendus
384 860 393 877 ,
417 839 637 871 Cremonensis
667 842 770 872 dictus
796 842 813 872 a

246 883 347 926 patria
361 895 370 915 ε
389 895 456 915 non
477 886 531 916 ille
546 888 739 928 Quinctilius
754 891 814 918 Va-

247 941 303 962 rus
313 953 321 969 ,
338 932 413 972 qui,
424 938 461 961 ut
469 933 597 963 Tacitus
606 934 674 963 fuse
686 935 813 971 scribit,

247 976 388 1019 legiones
407 978 509 1008 amisit
523 980 558 1009 in
574 979 741 1010 Germania
751 1002 760 1018 ‚
775 981 815 1011 ad

248 1034 343 1064 quem
361 1023 442 1054 forte
460 1025 574 1065 scripta
587 1032 634 1055 est
648 1025 708 1056 ode
719 1026 815 1065 hujus

247 1069 324 1100 libri
333 1071 423 1101 XVI.
434 1071 464 1100 Is
473 1071 556 1101 certe
563 1069 636 1101 cnm
642 1072 702 1102 sibi
709 1083 815 1103 necem

249 1116 363 1146 amisso
382 1117 524 1147 exercitu
549 1119 704 1148 conscivit
729 1129 814 1149 anno

253 1163 290 1193 U.
298 1162 334 1194 C.
348 1162 411 1201 762
423 1185 431 1201 ,
441 1163 503 1202 jam
512 1163 657 1194 obierant
663 1165 815 1205 Virgilius

245 1215 278 1238 et
298 1209 459 1240 Horatius.
474 1227 518 1232 —
534 1212 706 1251 Perpetuus
726 1221 820 1251 sopor

251 1256 350 1297 Urget
362 1265 373 1285 :
393 1265 450 1296 per
470 1256 720 1297 euphemismum
732 1279 739 1293 ,
758 1268 817 1298 pro

250 1302 340 1331 Mors
368 1309 514 1342 occupat.
541 1302 598 1332 Illi
622 1303 703 1332 dura
729 1303 817 1343 quies

251 1348 358 1378 oculos
370 1355 402 1378 et
413 1347 540 1390 ferreus
556 1356 647 1391 urget
660 1350 794 1379 Somnus
803 1362 815 1386 ‚-

251 1393 343 1436 Virg.
371 1395 442 1425 ΕΠ.
470 1396 554 1432 XII,
580 1397 657 1435 309.
670 1412 715 1418 —
733 1395 792 1426 Cui
804 1407 814 1424 :

249 1439 332 1470 refer
348 1438 387 1470 ad
395 1451 511 1481 parem
521 1452 534 1478 ,-
547 1441 677 1481 quando
692 1441 800 1472 Pudor
810 1464 820 1479 ‚

250 1485 328 1516 fides
341 1493 401 1518 etc.
414 1487 579 1517 invenient
593 1487 695 1517 ullum
709 1487 756 1518 illi
768 1498 819 1528 pa-

251 1533 341 1563 rem?
353 1550 400 1556 —-
417 1534 607 1574 Incorrupca
618 1533 707 1576 fides
722 1544 733 1563 .·
747 1544 818 1574 quae

251 1589 356 1619 neque
382 1578 480 1621 gratia
505 1579 608 1617 flecti,
625 1589 728 1619 neque
751 1590 819 1610 mu-

250 1624 380 1655 neribus
396 1627 575 1666 corrumpi,
592 1636 695 1665 neque
712 1625 817 1655 oblata

249 1669 430 1712 cupiditatis
459 1671 625 1712 explendae
652 1673 818 1702 occasione

250 1717 366 1747 mutari
387 1723 511 1758 potest3
526 1717 612 1748 unde
638 1718 750 1748 merito
774 1717 818 1747 di-

254 1763 337 1793 citur
362 1773 452 1793 soror
480 1762 620 1804 justitiae.
649 1781 694 1786 —-
720 1764 819 1794 Nuda

251 1808 376 1843 'ueritas
389 1820 400 1839 .·
419 1816 541 1851 aperta,
557 1809 678 1840 fraudis
695 1810 799 1841 nescia
810 1832 818 1847 ‚

252 1854 319 1886 fuci
334 1866 457 1896 expers.

302 1907 333 1938 4.
349 1901 597 1944 Nulliflebz'lior
617 1903 714 1943 qm'zm
735 1901 793 1932 cibi
807 1914 818 1932 :

252 1946 291 1977 ad
305 1949 507 1990 propositum
521 1947 617 1979 finem
631 1949 734 1990 pergit
751 1950 817 1979 Ho-

200 1999 211 2004 ”
252 1995 370 2031 ratins;
404 1995 560 2035 permittit
598 1995 678 2025 nulli
722 1995 817 2036 magis

252 2039 350 2081 quam
365 2039 500 2082 Virgilio
520 2041 693 2082 lacrymas,
711 2041 816 2081 paula-

251 2087 309 2116 tim
330 2084 404 2116 inde
429 2085 469 2116 ad
494 2087 742 2125 consolationem
766 2086 816 2116 de-

231 2174 235 2177 .
250 2127 407 2174 Ιαρειιταεζ
432 2149 478 2156 -
507 2135 553 2164 Τιι
572 2133 698 2175 [νιιετνὰ
719 2133 810 2173 pius,

249 2177 308 2208 hen
319 2181 333 2208 !
349 2180 458 2210 Nexus
472 2180 653 2217 sententiae3
666 2179 736 2218 jure
749 2180 826 2220 qui-.

248 2224 318 2256 dem
331 2224 536 2266 illacrymans
548 2225 742 2267 Quinctilio,
759 2224 812 2256 sed

866 796 964 827 eheu!
979 794 1113 834 frustr1i3
1128 793 1207 836 qnid
1221 794 1329 833 fletus,
1350 796 1429 837 quid

866 850 939 873 vota
963 844 1015 883 pia
1039 853 1098 883 pro
1125 842 1228 872 amico
1248 850 1431 882 nuncupata

866 890 1022 929 prosunt?
1035 906 1082 911 —-
1097 889 1171 918 Non
1190 887 1236 917 ἱεὰ
1255 887 1406 918 creditum
1422 899 1432 917 .-

866 945 933 965 non
958 933 1076 965 ea‘tibi
1100 933 1283 964 conditione
1306 944 1433 964 conces-

867 991 953 1018 sum,
984 987 1022 1010 ut
1050 990 1214 1020 nunquam
1245 986 1431 1010 moreretur.

867 1025 966 1064 Nam,
986 1033 1023 1056 ut
1053 1027 1095 1056 ait
1118 1028 1243 1056 Lucret.
1267 1026 1335 1063 111,
1354 1026 1433 1066 984,

870 1072 1006 1113 Vimque
1033 1071 1193 1112 mancipio
1218 1070 1300 1101 melli
1320 1072 1429 1107 datur,

869 1119 1011 1148 omnibus
1024 1108 1096 1149 'Ista
1114 1118 1297 1149 Praecariam
1316 1118 1432 1159 quippe*-

868 1166 966 1195 vitam
978 1165 1098 1206 agimus
1108 1185 1117 1203 ,
1131 1163 1296 1194 donatoris
1305 1163 1435 1194 arbitrio

869 1211 1059 1252 ponendam.

917 1258 947 1288 5.
969 1257 1122 1287 Auditum
1141 1255 1300 1286 arboribus
1304 1256 1406 1299 fidem
1423 1267 1453 1302 :b

868 1303 986 1344 lyram,
1004 1303 1095 1341 cujus
1109 1302 1277 1332 dulcedine
1295 1304 1370 1343 ipsae
1387 1312 1435 1332 ar*

868 1349 962 1380 bores
989 1349 1121 1387 allectae,
1137 1348 1154 1378 ὸ
1172 1348 1256 1389 jugis
1276 1349 1434 1379 montium

870 1394 1101 1426 descendebant
1124 1400 1156 1423 et
1174 1394 1302 1434 Orphea
1324 1404 1434 1435 seque-

870 1442 997 1473 bantur.
1023 1458 1068 1464 —
1091 1442 1168 1472 Non
1198 1450 1300 1471 vanoe
1325 1440 1436 1470 redeat

870 1487 1001 1529 sangnis
1017 1485 1154 1529 imagini
1173 1496 1184 1516 .·
1205 1485 1435 1517 Discernebam

870 1541 990 1564 veteres
1015 1534 1150 1564 animam
1166 1533 1251 1562 inter
1276 1538 1308 1563 et
1330 1533 1434 1574 imagi-

870 1591 943 1610 nem
953 1586 1170 1615 mortuorum;
1181 1579 1286 1609 anima
1291 1578 1436 1618 simplex,

868 1628 1076 1666 incorporea,
1105 1624 1200 1654 simul
1232 1635 1268 1655 ac
1303 1634 1437 1665 corpore

870 1672 1066 1708 solvebatur,
1095 1677 1212 1701 sortem
1237 1680 1324 1701 snam
1357 1670 1434 1700 suh-

870 1719 937 1749 ibat
960 1729 1018 1759 pro
1039 1717 1175 1754 meriti-⁸1,
1195 1716 1276 1747 coelo
1297 1715 1348 1746 vel
1372 1722 1434 1746 tar-

870 1771 940 1795 taro
964 1763 1096 1794 addicta.
1118 1764 1226 1804 Imago
1247 1762 1352 1792 antem
1370 1769 1436 1793 erat

870 1809 1128 1851 inanisquaedam
1142 1815 1174 1839 et
1181 1818 1278 1839 vacua
1293 1809 1436 1850 corporis

871 1856 1123 1898 repraesentatio,
1145 1854 1345 1885 simulacrum
1374 1854 1436 1884 for-

871 1914 952 1933 mam
973 1902 1116 1932 defuncti
1138 1901 1292 1938 retinens,
1310 1899 1364 1930 sod
1386 1910 1435 1930 ca-

870 1960 942 1980 rens
958 1959 1051 1979 carne
1062 1970 1070 1983 ,
1087 1948 1240 1989 sauguine
1255 1952 1286 1977 et
1300 1946 1435 1977 ossibus.

871 1995 1007 2026 Consule
1028 2001 1154 2024 sextum
1171 1991 1295 2024 AEneid.
1316 1991 1434 2023 librum

868 2042 902 2072 in
917 2051 982 2081 qno
997 2041 1182 2070 universum
1200 2038 1282 2069 illud
1299 2044 1434 2079 systema

869 2087 1090 2128 pulcherrimis
1097 2085 1240 2116 versibus
1247 2084 1444 2117 adornatum

868 2134 1063 2174 explicatur,
1076 2130 1282 2173 etpraecipue
1297 2141 1327 2160 v.
1345 2135 1410 2170 294
1423 2141 1431 2162 :

865 2186 974 2210 tennes
986 2179 1055 2210 sine
1068 2187 1197 2218 corpore
1207 2176 1297 2213 vitas
1307 2176 1430 2206 Admo-

866 2233 944 2256 neat
961 2225 1101 2257 volitare
1115 2235 1199 2256 σανα
1216 2223 1270 2258 sub
1289 2221 1431 2264 imagine
