1456 2508
495 128 574 161 Lm.
599 129 616 159 1
639 127 729 160 ont.
751 128 860 177 xyn.
1243 132 1285 163 83
1329 134 1333 136 ·

233 187 383 226 Olentis
399 199 541 227 uxores
559 186 707 234 mariti,

281 250 364 286 Nec
382 247 526 286 virides
545 255 723 286 metuunt
741 245 940 294 colubras,

178 310 260 347 Nec
277 309 475 347 Martiales
491 309 677 348 haeduleae
694 309 825 359 lupos;

179 371 401 421 Utcumque
418 368 433 392 ³
453 369 573 418 dulci,
592 369 782 420 Tyndari,
802 369 929 407 fistula
1253 387 1285 403 10

229 429 356 468 Valles
374 439 412 469 et
428 431 570 470 Usticae
590 431 767 470 cubantis

282 492 414 530 Laevia
432 505 668 544 personuere
689 504 794 530 saxa.

177 550 228 590 Di
246 564 308 589 me
326 561 484 591 tuentur
500 553 516 583 4
536 568 545 590 :
564 553 622 593 dis
641 554 763 604 pietas
783 566 868 591 mea

177 614 226 651 Et
243 626 352 652 musa
373 614 483 652 cordi
499 623 567 653 est.
588 613 687 653 Hinc
704 614 719 638 5
738 614 810 652 tibi
827 615 940 666 copia

230 673 407 714 Manabit
425 675 473 713 ad
491 676 648 728 plenum
667 675 836 728 benigno
1253 687 1284 712 ιε

69 834 117 843 --
139 816 296 848 Calabras
314 828 326 848 .·
341 818 510 850 foeminino
533 830 649 862 genere

67 864 196 907 posuit,
204 864 330 908 vulgari
338 871 509 906 poetamm
523 877 597 906 usn,
611 873 650 898 ut

67 922 164 951 mox,
180 910 350 944 laaeduleae.
367 913 469 944 Porro
482 914 518 944 in
533 914 648 945 uln‘mo

64 958 124 990 illo
145 959 312 1002 exemplo,
337 959 571 992 diminutivum
595 961 648 992 ad-

65 1006 171 1046 hibet,
184 1013 222 1038 ut
230 1014 344 1050 augeat
357 1009 560 1039 securitatem
569 1010 645 1041 loci.

65 1055 184 1086 Teucri
195 1055 281 1086 enim
293 1065 450 1097 pecorum
464 1055 577 1095 foetus,
594 1067 647 1098 pa-

66 1101 214 1136 rentibus
236 1109 269 1133 et
293 1101 412 1133 adultis
431 1109 509 1133 sunt
530 1103 646 1135 natura

65 1147 124 1179 sua
139 1148 329 1181 timidiores.
342 1166 391 1173 -—-
404 1149 575 1182 Martiales
599 1151 647 1182 lu-

59 1206 137 1238 pos,
153 1195 198 1227 sic
214 1195 320 1227 dictos
333 1197 401 1227 sive
423 1195 441 1227 ὲ
461 1196 539 1239 lupa
553 1200 647 1230 Remi

63 1249 96 1274 et
111 1244 246 1276 Romuli
259 1245 388 1275 nutrice
397 1267 406 1283 ,
419 1250 452 1274 et
472 1245 548 1276 ideo
561 1247 644 1287 patri

63 1300 177 1323 eorum
207 1292 308 1323 Marti
335 1291 536 1331 consecrata3
566 1303 638 1331 seu,

16 1362 22 1370 .
63 1337 153 1380 quod
173 1338 369 1381 simplicius,
385 1338 463 1381 quia
478 1339 579 1371 feroci
592 1342 643 1373 in-

63 1385 154 1426 dole,
169 1385 257 1419 caede
272 1387 472 1428 wsanguine
485 1387 642 1429 gaudent,

61 1439 95 1464 et
125 1434 280 1466 continua
314 1444 388 1464 cum
427 1435 642 1467 animantibus

62 1480 147 1512 bella
167 1487 295 1524 gerunt.
312 1480 452 1512 Martius
466 1481 488 1512 ὰ
508 1482 643 1514 stabulis

23 1541 40 1549 ν
62 1527 173 1570 rapuit
187 1528 300 1570 lupus,
327 1528 452 1560 AEneid.
473 1530 540 1568 IX,
558 1530 642 1568 566;

62 1575 152 1618 qnod
166 1575 212 1606 sic
234 1576 331 1606 vertit
346 1575 570 1608 Desfontaines
586 1588 594 1609 :
612 1578 643 1608 Ie

63 1622 139 1664 Ioup
162 1622 370 1659 audacieum
389 1624 542 1665 Quatuor
560 1628 639 1657 Pro-

61 1669 214 1707 fessores,
229 1681 272 1701 un
286 1670 363 1711 loup
377 1670 575 1704 redoutable.
587 1672 641 1703 Al-

61 1723 133 1749 tero
158 1727 256 1748 sensu
280 1717 468 1759 intelligunt
491 1720 586 1750 Binet
609 1726 640 1750 et

61 1765 189 1796 natiue.

111 1813 143 1846 3.
161 1813 338 1852 Utcumque
349 1822 362 1842 .·
377 1811 451 1850 ιὼὶ,
467 1813 574 1844 statim
591 1824 638 1845 ac.

62 1875 110 1883 --
131 1856 272 1896 Fistula,
293 1859 417 1890 scilicet
438 1860 552 1892 Fauni.
576 1862 642 1893 Mi-

63 1906 170 1937 raeula
197 1906 284 1937 enim
313 1913 441 1937 enarrat
467 1918 540 1949 qnae
572 1919 640 1940 non

63 1953 232 1996 pastoralis
251 1963 360 1985 avenae
375 1963 475 1992 sono,
496 1954 552 1986 sed
573 1955 640 1987 sola

63 2000 184 2032 divina!
203 1998 320 2032 fistulae
342 2001 560 2034 modulatione
583 2014 640 2045 pa—

62 2049 140 2079 trari
157 2054 305 2090 possunt.
320 2065 368 2072 -—·
392 2048 508 2081 Usticae
522 2050 642 2082 cuban-

62 2094 105 2127 eis
119 2106 132 2126 .·
147 2096 273 2134 Ustica,
289 2105 363 2137 pars
375 2096 509 2128 inferior
523 2099 640 2129 Lucre-

62 2141 145 2182 tilis,
166 2142 282 2174 leviter
298 2142 431 2174 declivis
450 2154 486 2175 ac
511 2144 639 2187 depres-

63 2198 112 2229 ΙΙ,
132 2190 279 2222 convivae
301 2192 338 2221 in
362 2190 446 2222 lecto
467 2187 642 2234 semi-supi·

62 2237 283 2279 niimaginem
299 2238 455 2280 praebens.
472 2256 520 2263 -—·
533 2240 641 2271 Loevia

65 2293 151 2315 saxa
173 2296 185 2315 :
205 2295 280 2316 saxa
303 2285 355 2316 vel
377 2286 566 2318 naturaliter
583 2298 640 2329 po-

702 819 774 857 lita,
806 819 859 850 vel
885 820 994 850 attrita
1030 820 1224 852 torrentium
1254 828 1287 853 et

702 866 860 897 imbrium
878 866 983 908 lapsu.

752 919 784 950 4.
811 913 870 944 Dii
893 924 945 944 me
969 921 1119 951 tuentur;
1141 925 1280 948 sensus:

702 961 786 991 hanc
809 971 907 1002 qnam
929 961 1006 1000 tibi,
1032 961 1194 1004 Tyndari,
1217 963 1283 1002 jac-

702 1009 763 1039 tito
778 1010 992 1046 securitatem,
1010 1019 1081 1040 non
1103 1009 1201 1049 mihi,
1227 1010 1283 1042 sed

700 1055 761 1086 diis
775 1062 938 1097 acceptam
952 1056 1073 1096 refero,
1095 1056 1216 1099 quibus
1235 1058 1283 1099 pii

701 1111 732 1134 et
750 1103 935 1135 innocentis
953 1111 1074 1145 poetae,
1095 1104 1199 1146 qualis
1222 1115 1282 1160 ego

700 1161 789 1190 sum,
804 1151 933 1193 placent
952 1152 1111 1191 carmina3
1132 1153 1209 1183 veui
1224 1153 1281 1195 igi-

701 1206 765 1237 tur,
786 1204 818 1229 et
841 1197 979 1229 deorum
1003 1198 1194 1230 muneribus
1213 1210 1281 1231 me-

697 1257 774 1277 cum
791 1245 908 1276 fruere.

747 1294 777 1324 5.
814 1291 911 1324 Ηὶηε.
941 1294 1072 1334 Legitur
1101 1295 1138 1325 in
1169 1293 1280 1326 multis

697 1341 774 1372 edit.
798 1338 872 1378 hic5
899 1351 1005 1382 neque
1029 1339 1172 1373 diffiteor
1194 1341 1279 1372 hanc

697 1389 864 1428 conjunct.
903 1389 1047 1429 apprime
1086 1399 1277 1432 congruere.

696 1434 760 1466 Hic
785 1434 842 1466 tibi
844 1458 915 1472 ......
942 1433 995 1466 hic
1021 1435 1055 1466 in
1081 1434 1216 1467 reducta
1219 1460 1278 1469 .....

695 1483 838 1524 phrasim
863 1483 1022 1524 poeticam
1049 1484 1122 1525 apte
1153 1484 1278 1526 ponde-

697 1537 769 1560 rant
792 1536 823 1560 et
846 1531 881 1560 in
905 1539 1011 1572 aequas
1037 1538 1144 1573 partes
1169 1530 1278 1562 distri-

696 1577 814 1608 bunut.
843 1576 920 1614 Sed,
949 1578 1165 1620 praeterquam
1189 1578 1280 1621 quod

695 1624 750 1656 illa
764 1624 862 1655 lectio
876 1623 953 1654 hinc
962 1624 1029 1656 fere
1042 1626 1187 1657 omnium
1201 1637 1277 1659 mss.

696 1672 887 1704 auctoritate
931 1672 1104 1712 innititur,
1146 1684 1277 1705 sensnm

695 1731 769 1751 cnm
788 1717 1047 1761 praecedentibus
1065 1719 1182 1753 melius
1195 1721 1278 1753 mihi

694 1768 760 1798 visa
788 1775 836 1798 est
864 1774 1068 1801 connectere.
1098 1768 1202 1807 Hinc,
1241 1768 1276 1800 id

694 1822 757 1853 est,
785 1814 875 1852 ideo,
905 1813 1042 1846 deorum
1068 1814 1191 1848 confisa
1216 1827 1272 1858 pa-

694 1863 850 1901 trocinio,
866 1872 908 1892 ne
922 1861 1036 1894 dubita
1048 1863 1159 1894 villam
1172 1875 1275 1895 meam

693 1911 842 1942 invisere.
869 1925 918 1934 -·
943 1909 1015 1941 Tibi
1035 1911 1151 1953 copia;
1176 1912 1274 1943 verba

693 1957 791 1997 hujus
805 1956 948 1998 periodi,
967 1958 1133 1990 tantillum
1145 1959 1275 2000 impexa

694 2011 726 2035 et
746 2005 927 2047 implicata,
948 2005 994 2036 sic
1018 2005 1132 2037 evolve
1151 2015 1159 2037 :
1180 2005 1270 2043 binc,

695 2053 850 2093 opulenta
877 2051 973 2093 copia
1004 2053 1162 2084 honorum
1194 2053 1275 2084 ruris

695 2099 754 2130 tibi
766 2099 872 2142 (quasi
886 2099 916 2141 ἐ)
935 2100 1078 2142 benigno
1092 2111 1196 2132 cornu
1209 2111 1276 2132 ma-

694 2146 784 2177 nabit
794 2147 983 2189 adplenum.
995 2149 1113 2179 Omnia
1125 2147 1164 2179 ad
1174 2147 1276 2179 abun-

695 2193 812 2225 dantiae
850 2194 1133 2238 significationem,
1176 2195 1277 2237 paulo

695 2241 881 2284 benignius,
899 2244 926 2274 si
945 2243 1052 2274 dicere
1064 2244 1111 2274 fas
1128 2250 1175 2274 est
1185 2265 1194 2281 ‚
1209 2242 1275 2274 col-

694 2288 786 2321 lecta.
804 2308 852 2314 -—
874 2290 1026 2322 Manabic
1049 2290 1098 2321 ad
1110 2290 1247 2332 plenum
1262 2300 1274 2320 :
