1404 2482
442 109 520 140 LIB-
546 109 597 140 111
621 108 709 140 ODE
733 108 860 140 xxlv.

1198 110 1263 140 313

152 169 286 207 Virtus
307 175 335 216 7,
356 175 395 205 et
411 176 586 205 metuens
605 165 762 204 alterius
780 166 855 203 viri

261 230 376 266 Certo
394 227 538 267 soedere
557 227 730 273 castitas;

155 293 202 330 Et
219 302 382 343 peccare
401 290 526 336 nefas,
540 298 612 337 vaut
631 289 799 340 pretium
816 288 930 326 mori.

261 353 316 390 Οἱ
336 351 510 402 quisquis
530 350 633 388 volet
654 350 793 400 impias
1236 359 1266 384 25

155 413 286 452 Caedes
311 411 338 460 ²³,
358 422 398 450 et
416 411 562 450 rabiem
582 411 717 448 tollere
733 410 916 456 civicam,

261 474 303 513 Si
323 481 472 525 quaeret
489 476 602 510 Pater
623 471 800 518 urbium,

154 534 356 575 Subscribi
376 534 533 579 statuis,
556 531 792 570 indomitam
813 531 955 569 audeat

257 595 479 634 Refraenare
499 594 715 641 licentiam,

151 656 284 694 Clarus
303 655 552 708 postgeniti53
573 660 781 705 quatenus,
801 653 878 691 heu
894 653 1020 691 nefas!
1229 664 1265 689 30

257 718 452 755 Virtutem
469 717 702 754 incolumem
721 714 889 762 odimus,

152 778 351 817 Sublatam
372 792 420 815 cx
441 777 561 815 oculis
581 776 788 828 quaerimus
806 774 941 813 invidi,

95 909 126 938 7.
139 899 205 930 Dos
220 906 268 930 esc
278 910 403 942 magna
412 923 424 937 ‚
434 898 624 940 parentium

49 945 155 977 Virtus
168 957 181 977 .·
198 947 244 977 sic
258 953 412 977 construe
426 956 434 978 ε
454 947 555 976 virtus
572 957 626 988 pa-

46 994 187 1024 rentium
204 1000 252 1024 est
265 994 377 1024 uxoris
390 994 528 1024 maxima
546 993 604 1024 dos
615 1016 624 1031 ‚

45 1040 138 1080 cnjus
155 1041 287 1072 virtutis
305 1041 426 1071 semina
448 1041 482 1070 in
506 1040 624 1071 liberos

46 1086 114 1118 fiere
137 1086 282 1129 semper,
305 1086 372 1118 sola
402 1089 626 1128 exemplorum

47 1139 204 1175 potestate
214 1156 224 1173 ,
260 1141 490 1176 propagamur.
514 1151 557 1157 --
584 1136 630 1164 Ec

53 1186 200 1212 metuens
218 1180 354 1211 alterius
370 1181 439 1212 viri
455 1181 550 1212 Certo
559 1180 627 1223 fa·-

50 1226 126 1258 dere
153 1227 310 1259 castitas.-
335 1234 368 1259 et
387 1239 492 1259 mores
516 1229 629 1259 uxoris

49 1273 67 1304 ὲ
93 1274 232 1316 pueritia
258 1274 298 1306 ad
322 1277 498 1306 castitatem
514 1275 558 1306 ita
580 1277 628 1306 in—

49 1321 197 1361 formati,
211 1328 250 1352 ut
265 1323 376 1353 timori
388 1333 457 1354 non
468 1323 561 1353 locus
574 1324 626 1359 sit,

49 1378 110 1407 no,
140 1376 215 1411 post
251 1369 372 1400 initum
396 1377 482 1400 certo
498 1369 628 1411 foedere

49 1415 250 1458 conjugium,
258 1417 346 1458 tangi
353 1427 387 1447 se
397 1417 437 1447 ab
446 1417 545 1448 altero
555 1417 627 1448 viro

50 1463 225 1504 permittat.
247 1465 353 1494 -Et
367 1474 508 1505 peccare
532 1463 627 1506 nefas

49 1509 256 1550 aeutpmium
278 1510 388 1542 mori:
408 1519 440 1542 et
461 1522 523 1553 pro
539 1521 626 1553 mag-

48 1554 90 1586 ni
107 1555 205 1588 etium
224 1556 302 1589 dote
322 1566 473 1600 reputant
499 1559 625 1594 mariti,

48 1602 140 1644 quod
168 1611 301 1646 peccato
333 1607 446 1636 uxoris
456 1628 465 1643 ‚
496 1605 531 1636 id
555 1612 620 1644 est,

48 1649 226 1690 adulterio,
243 1662 302 1694 pci-
315 1653 503 1694 opinionem
518 1652 624 1694 publi-

49 1707 136 1736 cum,
149 1697 264 1730 nefarii
281 1705 314 1730 et
332 1699 483 1740 probrosi
496 1699 624 1731 sceleris

45 1744 134 1776 lebes
142 1745 304 1784 inuratur,
313 1753 347 1776 et
359 1757 417 1788 per
427 1747 536 1790 legum
548 1757 624 1778 auc-

47 1792 224 1830 toritatem,
233 1793 431 1824 severissima
442 1793 550 1824 mortis
559 1804 623 1835 ραι-

46 1849 89 1869 m
124 1837 302 1881 inflignmr.
344 1840 504 1872 Ultimum
533 1841 622 1872 hunc

47 1895 194 1924 venum,
209 1893 244 1917 et
262 1893 399 1928 peccare
427 1887 536 1930 nestas,
558 1895 620 1920 etc.

45 1931 128 1974 pomi
143 1932 244 1964 verbo
261 1933 302 1964 ad
325 1934 459 1966 verbum
481 1941 622 1966 transtu-

44 1979 84 2010 lit
101 1977 254 2020 coffinus,
265 1981 301 2013 in
322 1980 484 2023 hymnum
503 1983 562 2024 qui
581 1983 623 2013 ad

45 2033 249 2058 anonumum
258 2029 462 2061 pentecostes
475 2029 621 2061 officium

43 2079 191 2105 cantatur
199 2074 282 2106 :His
302 2074 405 2119 infida
414 2077 534 2118 probas
557 2087 624 2107 cor-

43 2119 90 2152 da
102 2120 286 2162 pavoribus,
306 2123 352 2153 Et
362 2134 503 2164 peccare
514 2131 623 2162 vetas,

45 2174 106 2198 aut
117 2167 256 2209 pretium
270 2169 363 2201 mori.

91 2215 123 2246 8.
138 2215 167 2245 Ο
174 2214 317 2257 quisquis
325 2216 419 2248 volet
430 2215 548 2258 impias
560 2217 625 2248 Cae-

42 2262 100 2293 des
121 2273 132 2292 :
151 2261 236 2302 jam,
257 2273 332 2301 cnm
352 2262 457 2294 nobili
478 2263 626 2307 indigna-

177 2310 202 2345 1.

681 899 772 929 tione
799 897 839 928 ad
861 896 1053 929 indomitam
1078 899 1177 929 aetatis
1201 910 1267 930 snae

679 946 843 976 licentiam
854 955 887 975 se
902 946 1076 983 convertit,
1093 952 1124 976 et
1133 957 1268 986 quomo-

680 991 722 1023 do
739 993 797 1022 ista
815 991 832 1022 εὶ
844 993 926 1030 viro,
941 998 1091 1022 aeternam
1106 993 1165 1023 sibi
1182 995 1266 1034 apud

680 1046 826 1081 posteros
836 1038 875 1069 de
885 1038 1007 1069 servata
1018 1038 1119 1080 patriai
1130 1040 1264 1082 gloriam

681 1093 846 1128 paraturo,
854 1085 1045 1116 refrenanda
1061 1087 1112 1124 sit,
1122 1087 1265 1118 ostendit

683 1133 783 1174 Quod
809 1134 995 1174 suspicatur
1033 1133 1236 1175 Boeccigems
1250 1159 1259 1172 ,

682 1181 852 1211 Horatium
865 1178 927 1210 haic
941 1181 1112 1212 severioris
1126 1181 1266 1224 discipli-

682 1238 733 1258 nae
751 1227 1050 1266 commendatione,
1067 1227 1263 1260 veliiicatum

682 1285 748 1305 esse
758 1275 867 1316 gratiae
877 1275 1028 1316 Augusti,
1039 1276 1097 1316 qui
1115 1274 1184 1306 tum
1199 1276 1266 1308 for-

683 1321 714 1352 te
732 1321 911 1352 condendis
937 1321 1001 1352 illis
1025 1322 1167 1364 legibus,
1184 1334 1264 1365 quas

682 1368 791 1410 postea
809 1368 902 1406 tulit,
916 1380 948 1400 v.
977 1379 1006 1400 c.
1031 1369 1094 1411 legi
1109 1370 1207 1401 Juliae
1222 1372 1263 1401 de

680 1415 864 1453 adulteriis,
891 1416 952 1458 legi
975 1416 1092 1457 Papiae
1110 1419 1262 1459 Poppaeae

681 1463 722 1494 (le
753 1463 948 1494 maritandis
975 1463 1158 1504 ordinibus,
1183 1475 1260 1507 ope-

681 1522 749 1541 ram
783 1510 907 1541 dederit
917 1533 925 1548 ‚
945 1509 1120 1542 admodum
1147 1513 1263 1554 proba-

680 1558 746 1588 bile
757 1565 816 1589 est.
833 1558 1024 1589 —Rabiem
1043 1558 1178 1590 civicam
1193 1571 1205 1590 .·
1220 1560 1259 1591 de

681 1605 774 1636 bellis
791 1605 944 1636 civilibus
955 1628 964 1643 ‚
981 1613 1019 1636 ut
1038 1606 1155 1647 passim
1161 1606 1259 1649 furor

677 1652 802 1684 civium.
822 1669 869 1675 —-
894 1652 931 1682 Si
943 1660 1068 1694 quaerec
1085 1655 1186 1684 Pater
1202 1657 1259 1684 Ur-

677 1700 762 1730 bium
780 1710 791 1729 :
807 1700 834 1729 si
859 1699 958 1738 hujus
975 1700 1087 1742 gloriae
1103 1708 1257 1742 appetens

677 1748 757 1784 erit,
777 1753 815 1776 ut
833 1757 955 1777 nomen
972 1758 1069 1777 suum
1085 1747 1259 1789 aliquando

676 1794 739 1824 sub
765 1793 860 1824 titulo
874 1816 883 1831 ,
905 1796 1011 1824 Pater
1029 1794 1159 1825 Urbium
1170 1819 1182 1833 ,
1196 1803 1258 1826 sta—

677 1843 741 1872 tuis
755 1840 928 1872 incidatur.
952 1839 1108 1873 Nondnm
1126 1843 1257 1883 quidem

676 1887 747 1919 tiun
779 1889 963 1930 Augustus,
987 1899 1084 1930 quem
1097 1891 1256 1920 Nostrum

675 1936 820 1966 innuisse
843 1942 960 1976 putant
971 1959 980 1973 ‚
996 1947 1038 1967 ex
1056 1936 1190 1977 publico
1205 1940 1258 1968 Se—

676 1981 770 2012 natus
786 1982 937 2013 consulto
948 1983 1054 2013 Patris
1062 1983 1185 2023 patriae
1200 1995 1260 2015 no-

675 2030 762 2060 mine
779 2030 953 2071 insignitus
975 2029 1056 2067 fuit3
1073 2029 1130 2060 sed
1152 2041 1257 2072 popu-

676 2076 745 2115 lus,
771 2084 809 2107 ut
828 2077 948 2107 docent
959 2078 1152 2107 numismata
1167 2089 1255 2119 quae-

680 2123 752 2154 dam
762 2147 771 2162 ‚
799 2123 864 2162 jam
895 2123 1004 2164 plures
1031 2133 1134 2155 annos
1162 2126 1235 2156 ante
1246 2149 1255 2164 ‚

676 2171 764 2202 hune
801 2170 937 2201 titulum
969 2170 1190 2202 honorificum
1228 2174 1258 2203 ei

677 2219 900 2249 tribuerat.--
915 2218 1110 2260 Postgenitis
1122 2229 1133 2250 .·
1149 2227 1257 2261 poste-

678 2266 739 2304 ris,
757 2265 821 2300 τοῖς
849 2262 1015 2309 ὀψιγόνοις.
1032 2283 1079 2290 —-
1098 2265 1257 2297 Virtutem

1079 2325 1126 2359 27
