1456 2508
226 117 290 146 ‘²92

617 111 657 150 Q.
682 110 865 142 HORATH
889 113 1044 144 FLAcct

329 164 404 210 Qui
421 165 657 201 Formiarum
674 167 810 203 moenia
829 167 969 205 dicitur

378 224 555 274 Princeps
568 252 578 270 ‚
595 232 633 261 et
651 224 844 263 innantem
859 228 1014 266 Maricae

431 282 639 320 Litteribus
661 285 823 323 tenuisse
843 287 970 334 Lirin,

328 344 420 380 Late
438 352 640 392 tyrannu53
659 345 741 381 cras
757 345 855 382 foliis
873 359 1004 385 nemus

327 403 474 448 Multis,
495 411 532 440 et
549 404 631 453 alga
648 403 751 441 littus
767 404 891 442 inutili
909 405 925 428 ‘³'
1381 426 1412 443 ιο

379 461 549 501 Demissa
565 473 765 514 tempestas
785 464 832 502 ab
853 467 956 502 Euro

431 526 599 570 Sternet,
620 537 726 573 aquae
741 525 813 561 nisi
831 525 923 562 fallit
943 538 1064 575 augur

325 586 477 619 Annosa
495 583 639 619 cornix.
658 586 758 620 Dum
778 592 885 633 potes
898 612 908 630 ‚
926 585 1075 623 aridum

327 644 518 692 Compone
538 642 680 692 lignum
700 643 715 672 4
729 657 740 689 3
758 645 840 681 cras
856 644 1019 682 Genium
1037 658 1145 683 mero

217 824 365 859 regnante
392 818 507 853 Lamo,
527 814 680 846 'noudum
705 818 780 847 For-

216 866 350 895 miarum
366 872 483 893 nomeu
502 868 680 902 acceperat3
697 864 780 893 Stra-

218 912 261 942 bo
285 910 401 941 etenim
412 932 420 947 ‚
434 908 490 939 lib.
515 910 556 946 V,
574 915 681 938 narrat
697 908 780 939 hanc

218 957 348 994 urbem,
377 955 616 996 qualiscumque
645 955 780 994 primiti-

217 1016 276 1036 vus
293 1009 373 1034 esset
393 1002 460 1040 ejus
480 1007 578 1031 status
589 1022 597 1036 ,
613 999 631 1029 a
649 1002 780 1030 Laconi-

218 1052 277 1082 bus
288 1073 296 1087 ,
313 1047 462 1080 Hormias
480 1047 546 1076 sive
563 1045 707 1076 Formias
726 1057 780 1087 ap—

216 1098 344 1139 pellatas
375 1105 456 1130 esse,
486 1088 541 1122 δία
568 1090 603 1122 τὸ
635 1091 760 1135 ε’ΰορμον
772 1115 780 1130 ,

216 1146 278 1175 hoc
297 1149 358 1178 est,
373 1139 503 1181 propter
518 1136 628 1179 portus
642 1149 783 1169 commo-

219 1191 359 1221 ditatem.
375 1204 421 1209 —
440 1187 484 1215 Ec
514 1185 682 1215 innantem
709 1186 783 1214 Ma-

217 1237 292 1267 ricae
314 1232 478 1265 Lt‘ctoribus
505 1230 640 1261 tenuisse
667 1230 755 1261 Lirin
771 1242 782 1260 .-

215 1294 287 1325 ager
323 1279 555 1311 Minturnensis
602 1276 784 1318 designatur

217 1340 274 1371 per
291 1326 428 1357 fluvium
441 1324 529 1354 Lirin
540 1346 548 1361 ‚
563 1322 602 1352 de
616 1333 681 1364 quo
695 1334 782 1364 supr.

217 1376 278 1408 od.
308 1375 338 1410 Ι,
359 1373 418 1410 31,
438 1381 473 1409 7,
494 1370 550 1410 qui
572 1379 627 1410 per
654 1369 783 1410 paludes

215 1423 455 1453 Minturnenses
463 1416 499 1446 in
506 1425 590 1445 mare
599 1415 784 1446 effunditur.

215 1468 288 1499 Jam
314 1465 407 1501 vero,
426 1461 499 1493 cum
525 1460 664 1497 Marica,
688 1473 781 1502 nym-

214 1514 277 1555 pha
289 1536 297 1551 ‚
315 1510 416 1542 Fauni
437 1518 520 1538 uxor
545 1514 576 1537 et
591 1507 698 1537 Latini
715 1518 781 1538 ma-

216 1568 263 1590 ter
278 1556 413 1600 (Virgil.
438 1557 510 1585 AEn.
535 1555 616 1591 VII,
645 1552 726 1594 47),
745 1561 782 1583 ut

215 1606 273 1637 dea
298 1603 440 1636 tutelaris
463 1600 481 1630 εὶ
502 1599 781 1631 Minturnensibus

216 1650 328 1693 magna
345 1648 496 1689 religione
511 1647 545 1676 in
566 1646 660 1684 luco,
676 1645 714 1675 ad
732 1647 778 1686 ip-

214 1709 286 1729 sum
301 1697 422 1726 flumen
436 1693 522 1723 Lirin
534 1693 562 1722 ei
579 1698 759 1722 consecrato
770 1714 779 1729 ,

214 1745 390 1778 coleretur,
413 1738 493 1769 Liris
516 1738 649 1768 ,Maricae
675 1737 775 1768 litori-

213 1791 268 1826 bus
298 1785 424 1819 doctius
451 1795 528 1826 pm,
543 1794 616 1826 agro
633 1785 772 1814 Mintur-

211 1837 322 1873 nensi,
337 1833 449 1864 innare
475 1830 604 1861 dicitur.
627 1830 775 1860 Similiter

212 1879 486 1914 Minturnensium
509 1878 595 1918 regio
627 1875 775 1906 describi-

213 1935 265 1959 tur
281 1939 331 1968 ap.
343 1930 459 1957 Lucan.
477 1925 524 1960 11,
541 1928 626 1959 424;
644 1929 675 1952 et
690 1924 775 1952 Mar-

213 1975 278 2005 tial.
305 1974 405 2010 XIII,
428 1971 482 2000 83.
495 1987 541 1992 -—
558 1968 636 1998 Lace
665 1976 775 2007 tyran-

212 2031 269 2050 nus
282 2031 292 2050 :
305 2019 366 2049 late
382 2026 525 2057 regnans,
535 2022 572 2045 ut
582 2014 678 2055 vulgo
693 2013 778 2055 apud

212 2069 388 2097 Homerum
399 2086 407 2100 ‚
424 2059 615 2105 ἐυρυκρείων.

261 2113 292 2143 3.
310 2108 398 2152 Algd
414 2107 520 2138 inutili
533 2119 544 2137 .·
569 2107 636 2148 alga
647 2129 656 2143 ‚
679 2106 776 2137 herba

214 2158 334 2188 nullius
352 2156 446 2196 pretii
461 2164 557 2194 quam
573 2163 656 2182 mare
675 2152 713 2182 ad
731 2153 779 2182 lit-

215 2211 266 2235 tus
274 2202 412 2245 projicit.
420 2197 568 2242 Projectd
577 2198 678 2229 vilior
685 2197 775 2241 algd,

832 818 922 859 Virg.
939 817 1046 860 Eclog.
1065 819 1128 850 vn
1138 841 1147 856 ‚
1166 824 1219 855 42.
1230 821 1400 863 —Augur

832 873 926 904 aqnoe
947 863 1061 894 cornix
1076 875 1087 894 .·
1104 875 1175 905 quae
1192 864 1247 896 suxi
1264 869 1398 898 crocita-

833 911 919 940 tione
956 909 1102 950 pluviam·
1130 913 1398 953 prognosticatur.

837 956 915 985 Ti‘cm
934 955 1044 986 comix
1063 955 1167 996 plend
1181 958 1324 997 pluviam
1342 970 1400 990 vo·

834 1009 887 1031 cac
902 1001 1046 1041 improba
1060 1012 1144 1033 voce
1153 1014 1164 1033 .·
1178 1005 1270 1046 Virg.
1282 1005 1399 1047 Georg.

836 1049 861 1086 Ι,
875 1047 951 1078 388.
961 1064 1007 1071 —-
1017 1049 1152 1079 Aanosa
1161 1060 1173 1079 .·
1185 1052 1327 1082 cornices
1340 1062 1399 1083 uo-

836 1103 907 1124 vem
925 1101 1047 1124 nostras
1073 1102 1196 1132 aetates,
1212 1095 1246 1126 id
1265 1104 1328 1134 est,
1345 1108 1399 1128 au-

839 1150 898 1169 nos
921 1140 1045 1170 circiter
1067 1141 1132 1171 300
1155 1142 1259 1172 vivere
1279 1144 1401 1183 primus

840 1186 998 1216 cecinerat
1032 1187 1188 1218 Hesiodus
1201 1210 1210 1226 ,
1241 1188 1400 1227 fabulose,

839 1238 875 1261 ut
898 1233 941 1262 ait
966 1232 1106 1275 Plinius,
1126 1235 1208 1272 VH,
1234 1235 1287 1271 48.
1311 1235 1402 1266 Illam

841 1278 896 1308 vix
919 1277 958 1307 ad
980 1278 1136 1309 decimum
1156 1289 1275 1311 annum
1291 1291 1402 1322 perve-

840 1324 908 1354 nire
920 1325 1028 1354 asserit
1039 1324 1134 1355 Buffo
1142 1347 1151 1362 ‚
1166 1332 1288 1356 naturae
1297 1333 1328 1356 et
1337 1329 1404 1358 veri

840 1371 979 1410 sagacior
991 1369 1157 1412 indagator
1177 1378 1207 1402 et
1227 1373 1403 1414 interpres3

841 1422 962 1446 veteres
987 1416 1152 1457 probabile
1172 1424 1218 1450 est
1245 1420 1402 1449 cornicem

842 1472 916 1492 cum
933 1472 1031 1493 corvo
1050 1463 1247 1502 contudisse,
1263 1465 1336 1506 qui,
1353 1475 1402 1496 re-

840 1507 912 1538 vera
923 1531 932 1546 ‚
950 1515 1027 1538 teste
1050 1507 1162 1539 eodem
1175 1510 1306 1541 Buffon.
1320 1509 1402 1541 ultra

839 1561 967 1584 centum
989 1565 1089 1584 annos
1119 1556 1215 1586 vitam
1242 1555 1400 1597 producit.

840 1602 888 1629 La
903 1601 959 1630 vie
977 1600 1017 1630 de
1033 1601 1067 1630 la
1085 1601 1236 1632 corne-ille
1250 1612 1283 1631 se
1300 1602 1404 1632 re'duit

838 1645 859 1675 ὰ
881 1646 968 1687 neus
980 1646 1117 1682 arcades,
1137 1654 1170 1677 et
1181 1647 1261 1677 celle
1276 1648 1319 1678 du
1334 1659 1401 1678 cor-

838 1691 918 1721 beau
939 1692 960 1722 ὰ
978 1700 1052 1723 cent
1064 1692 1150 1729 huie,
1166 1703 1287 1724 comme
1307 1693 1333 1725 1⁰1
1356 1702 1403 1725 est

832 1738 953 1777 prouve‘
968 1749 1034 1778 par
1052 1738 1295 1777 l’observatimu
1318 1741 1399 1771 Hist.

831 1791 936 1816 natur.
963 1783 1148 1826 (Olseaux)
1176 1792 1198 1816 t.
1227 1787 1269 1824 V,
1284 1796 1316 1826 p.
1338 1787 1378 1822 43
1391 1809 1400 1824 ,

836 1831 921 1869 1775
933 1853 940 1867 ‚
956 1832 1060 1868 iil-12,
1071 1831 1202 1863 edition.
1217 1833 1401 1872 Luparensi.

878 1882 909 1912 4.
925 1877 1009 1907 Diam
1030 1884 1143 1918 potes,
1161 1877 1287 1908 aridum
1313 1878 1402 1909 Com-

828 1933 912 1962 pone
939 1923 1062 1964 lignum
1082 1934 1094 1953 :
1116 1934 1191 1964 para
1215 1921 1312 1964 igitur
1337 1924 1397 1965 lig-

836 1979 913 1999 num
928 1969 1068 2007 aridum,
1086 1968 1163 2000 dum
1180 1969 1259 1999 illud
1275 1969 1399 2000 aridum

831 2013 939 2045 ‘adhinc
971 2026 1079 2056 parare
1098 2015 1184 2046 licet.
1199 2032 1246 2038 —
1261 2015 1397 2046 Genium

837 2071 923 2091 mero
939 2061 1069 2092 Curubis
1085 2069 1118 2092 ee
1125 2071 1224 2102 porco
1238 2060 1398 2093 bimestri:

835 2107 944 2137 laetum
965 2109 1110 2138 institues
1122 2108 1323 2145 convivium3
1343 2109 1397 2149 qui

835 2153 983 2183 hilaritati
1016 2153 1240 2195 indulgebant,
1273 2160 1396 2194 gratum

835 2199 956 2240 aliquid
971 2199 1072 2230 facere
1087 2209 1119 2229 se
1132 2199 1286 2241 putabant
1295 2199 1398 2230 Genio
