1456 2508
159 122 223 154 168

551 126 592 165 Q.
617 122 800 155 HonATn
822 123 976 156 πωροι

259 180 336 219 Sed
354 193 414 218 me
433 193 504 231 per
520 181 648 219 hostes
665 181 880 219 Mercurius
899 181 915 213 4
930 182 1030 220 celer

228 242 233 248 '⁷
259 242 387 277 Denso
406 248 611 289 paventem
629 240 780 278 sustulit
797 254 885 279 aere
903 255 912 278 :

309 302 363 337 Te
379 304 510 338 rursus
529 301 568 337 in
584 301 726 338 bellum
744 301 945 339 resorbens
1315 311 1342 336 1⁵

362 360 474 397 Unda
494 361 598 398 fretis
616 361 702 398 tulit
720 362 900 400 aestuosis.

259 418 359 469 Ergo
377 419 580 471 obligatam
600 421 717 459 redde
731 423 818 460 Jovi
836 423 993 474 dapem,

259 479 465 529 Longaque
485 481 623 519 fessum
641 482 777 519 militia
793 483 891 520 latus

309 541 468 589 Depone
484 541 554 578 sub
573 543 685 579 lauru
703 544 787 580 mea
803 545 838 589 5,
854 556 924 580 nec

359 602 475 637 Parce
495 601 596 638 cadis
615 601 684 638 tibi
699 601 906 640 destinatis.
1315 620 1344 635 10

258 658 457 697 Oblivioso
475 660 574 698 levia
591 661 754 698 Massico

258 719 412 757 Ciboria
429 720 443 742 ⁶
460 721 587 771 exple3
608 720 723 758 funde
743 719 945 771 capacibus

307 781 510 830 Unguenta
527 780 573 817 de
594 780 759 818 conchis.
775 780 870 826 Quis
884 780 963 818 udo

358 842 626 891 Deproperare
646 841 733 891 apio
752 853 910 878 coronas

256 900 422 937 Curatve
441 901 619 950 myrtho?
637 903 761 948 Quem
773 904 902 939 Venus
915 900 1101 940 arbitrum
1311 911 1343 937 25

256 959 366 998 Dicet
382 959 566 998 bibendi?
581 960 757 1032 NoQo
773 961 899 1000 sanius

198 1114 230 1146 4.
254 1107 320 1138 Sed
336 1118 386 1138 me
412 1107 584 1138 Mercurius
598 1119 609 1138 .·
631 1109 718 1139 Mer-

150 1157 277 1191 curius,
308 1161 395 1185 tutor
424 1161 592 1195 poetarum
602 1177 611 1193 ,
640 1165 720 1195 quos

149 1202 222 1234 ideo
243 1203 359 1235 Noster
384 1208 496 1239 vocat,
522 1195 719 1232 vz'ros'Mer-

151 1248 306 1285 curiales,
325 1246 407 1278 infra
418 1270 426 1285 ‚
450 1249 481 1277 ΙΙ
492 1270 500 1285 ,
523 1258 560 1286 17
575 1270 583 1284 ‚
603 1258 656 1287 29.
671 1265 717 1272 ——-

152 1297 262 1327 Denso
286 1294 411 1324 sustulit
432 1304 507 1324 aere
520 1304 531 1323 .·
545 1293 658 1324 alludit
674 1293 718 1324 fa-

151 1341 306 1372 cetissime
323 1339 361 1370 ad
381 1340 494 1370 heroas
515 1341 719 1378 Homericos,

151 1389 209 1430 qui
225 1389 339 1429 passim
357 1387 398 1417 ab
413 1387 519 1427 aliquo
537 1386 596 1417 deo
607 1386 624 1426 ‚‘
633 1387 719 1417 nube

151 1434 353 1471 circumfusi,
368 1434 467 1464 denso
477 1443 568 1470 aere,
585 1433 630 1463 sic
644 1444 720 1474 prae-

150 1480 201 1512 liis
219 1487 250 1512 et
263 1481 394 1511 instanti
411 1480 556 1521 periculo
580 1481 721 1520 eripiun-

151 1533 216 1558 tur.
242 1544 288 1550 —
318 1526 489 1558 Resorbens
517 1526 603 1556 unda
624 1525 721 1568 fretis

151 1573 225 1604 tulit
237 1572 377 1604 aescuosis
386 1584 396 1604 :
409 1573 486 1603 belli
498 1573 634 1613 impetus
648 1583 722 1613 poe-

150 1619 212 1651 tice
224 1625 424 1661 comparatur
438 1629 511 1649 cum
525 1620 651 1659 impetu
666 1629 722 1649 un*

151 1665 200 1697 dae
222 1667 353 1697 marinae
367 1667 475 1696 omnia
496 1665 648 1695 fluctibus
668 1675 722 1695 aes-

154 1714 252 1744 tuosis
267 1723 373 1743 secum
384 1712 578 1753 abripientis.
590 1711 724 1752 Fuitigi:

151 1757 206 1790 tur
218 1760 388 1800 Pompeius
396 1761 518 1795 Varus,
533 1768 618 1788 nnus
631 1767 671 1787 ex
683 1758 721 1787 iis

153 1806 210 1847 qui
225 1805 422 1846 Philippensi
444 1804 525 1835 cladi
539 1805 720 1845 superstites

152 1851 273 1883 bellum
299 1852 334 1881 in
361 1850 466 1882 Sicilia
476 1874 484 1888 ,
516 1850 598 1880 duce
624 1852 720 1881 Sexto

151 1898 316 1939 Pompeio,
324 1898 433 1939 Magni
442 1895 520 1935 filio,
531 1898 723 1927 instaurave-

153 1950 241 1975 runt.

203 1991 234 2022 5.
262 1989 324 2019 Sub
342 1989 434 2020 lauru
448 1987 521 2020 med
535 2000 545 2019 :
562 1987 721 2020 Sanadoni

153 2037 323 2074 assentior3
339 2035 393 2066 bic
421 2036 588 2078 singularis
608 2045 720 2065 nume-

153 2093 209 2114 rus
226 2093 286 2124 pro
305 2082 420 2123 plurali
436 2081 636 2124 accipiendus
654 2087 719 2118 est3

155 2129 297 2170 intellige
309 2127 424 2170 igitur:
441 2129 500 2159 sub
518 2129 614 2159 lauris
627 2128 720 2158 meis:

156 2185 228 2216 quae
248 2174 377 2216 quidam
397 2175 510 2213 verba,
525 2181 597 2216 post
616 2174 722 2203 humi-

155 2220 218 2252 lem
231 2221 312 2263 fugae
322 2231 387 2253 suae
396 2221 642 2259 confessionem,
656 2229 724 2251 non

771 1108 832 1138 nisi
847 1109 969 1140 ironice
993 1108 1090 1140 scribi
1106 1115 1284 1151 potuerunt
1301 1110 1341 1141 ab

771 1156 920 1186 Horatio.

819 1211 850 1240 7.
876 1201 971 1232 Levia
997 1200 1116 1232 ciboria
1131 1212 1143 1232 .·
1169 1202 1267 1243 polita
1284 1213 1342 1244 po-

771 1247 851 1277 eula.
875 1247 1052 1284 Ciborium,
1071 1248 1200 1289 proprie
1221 1248 1339 1290 signifi-

770 1300 820 1323 cat
834 1293 937 1324 fabam
952 1300 1007 1324 aut
1019 1294 1167 1336 siliquam
1188 1294 1269 1325 fabae
1289 1297 1341 1326 AE—

770 1341 904 1381 gyptiae,
921 1350 992 1381 qnae
1019 1341 1058 1371 ab
1086 1339 1148 1370 ima
1169 1347 1258 1382 parte
1283 1350 1338 1372 an-

771 1385 860 1427 gusta
887 1387 1002 1416 sensim
1025 1387 1187 1417 diducitur
1208 1393 1240 1417 et
1256 1397 1339 1418 cres-

772 1433 833 1470 cit,
851 1442 886 1462 ac
903 1432 1003 1463 instar
1022 1433 1136 1476 scyphi
1160 1432 1339 1464 adhibetur.

772 1479 890 1510 Pocula
920 1478 1068 1520 quaedam
1106 1480 1268 1521 capaciora
1298 1480 1340 1509 ad

773 1535 847 1555 eum
862 1525 941 1556 facta
962 1526 1112 1564 modum,
1129 1525 1247 1557 ciboria
1264 1532 1340 1556 sunt

773 1572 937 1612 appellata.
965 1589 1011 1595 ·—
1029 1572 1164 1604 Cauchis
1177 1582 1188 1602 :
1206 1571 1340 1603 vasculis

774 1619 790 1648 e
814 1617 935 1648 concha
954 1618 1056 1657 factis,
1075 1619 1127 1649 vel
1151 1618 1190 1648 ad
1209 1617 1339 1648 conchae

773 1664 1021 1696 similitudinem.
1039 1667 1119 1697 Sunt
1134 1664 1239 1695 autem
1263 1674 1338 1694 con-

774 1711 841 1742 chae
871 1711 1006 1752 piscium
1038 1717 1135 1742 testae.
1161 1728 1208 1734 —
1238 1711 1337 1751 Quem

775 1760 898 1795 Venus,
925 1765 983 1789 etc.
1003 1768 1016 1787 .·
1038 1758 1074 1789 in
1094 1757 1174 1788 ludo
1189 1757 1336 1795 talorum,

770 1805 873 1843 jactus
888 1804 1154 1835 fortunatissimus
1173 1802 1338 1834 dicebatur

775 1852 899 1887 Venus,
919 1850 1032 1892 nempe
1059 1849 1134 1881 cum
1154 1849 1208 1880 tali
1229 1858 1338 1880 omnes

775 1896 906 1927 diversis
937 1897 1055 1938 singuli
1081 1896 1208 1937 punctis
1237 1896 1338 1926 notati

775 1942 1028 1986 (adhibebantur
1060 1942 1167 1972 autem
1199 1948 1262 1972 tres
1302 1948 1339 1971 ut

772 1987 966 2030 plurimum)
985 1987 1236 2030 projiciebantur
1250 1987 1268 2017 ὁ
1285 1987 1338 2017 fri—

772 2035 842 2066 tillo
855 2037 890 2065 in
905 2035 1029 2065 alveum
1039 2057 1048 2074 ,
1062 2045 1119 2065 seu
1134 2033 1273 2064 tabulam
1287 2033 1336 2063 lu-

772 2083 886 2112 soriam
903 2091 911 2112 :
925 2081 976 2111 vel
995 2079 1069 2111 cum
1089 2087 1212 2111 tesserae
1228 2089 1336 2110 omnes

773 2138 844 2169 quae
857 2128 954 2168 vulgo
971 2134 1061 2157 erant
1076 2133 1228 2168 quatuor,
1244 2126 1280 2155 iu
1296 2125 1336 2154 fa-

774 2175 854 2204 ciem
869 2184 925 2204 sex
939 2175 1067 2215 punctis
1086 2174 1223 2203 inustam
1245 2170 1335 2201 cade-

775 2227 856 2252 rent.
878 2220 1093 2261 Quamobrem
1113 2218 1197 2250 idem
1212 2218 1266 2249 ille
1278 2218 1339 2256 jac-
