1456 2508
182 123 243 154 132

563 123 604 164 Q.
629 120 813 154 HORATII
836 120 987 155 FLAGGI

282 179 336 217 Te
355 191 504 229 semper
522 180 638 217 anteit
658 191 756 216 saeva
771 181 982 219 Necessitas
997 180 1029 227 3³,

284 239 418 276 Clavos
437 238 599 276 trabales
615 247 652 276 et
671 251 810 277 cuneos
830 251 944 283 manu

336 303 495 337 Gestans
516 298 608 335 aena
620 327 630 345 ,
647 311 716 336 nec
735 311 889 335 severus

388 360 518 394 Uncus
538 356 660 405 abest,
682 357 943 408 liquidumque
960 357 1214 409 plumbum&
1338 375 1368 391 ιο

282 419 335 454 Te
353 419 464 467 Spes,
485 424 522 454 et
541 415 628 454 albo
647 429 733 454 rara
752 417 861 455 Fides
877 417 967 455 colit
1267 410 1270 412 ³

286 476 417 513 Velata
436 489 565 526 panno
582 490 591 512 :
611 488 681 513 nec
697 477 874 514 comitem
891 476 1072 528 abnegat,

338 537 539 585 Utcunque
558 537 701 572 mutata
718 543 890 586 potentes

386 598 500 634 Veste
521 595 652 634 domos
671 596 822 633 inimica
839 596 988 646 linquis.

176 740 284 770 scribit
301 738 491 780 populorum
515 739 701 770 seditionem
720 746 751 770 et

177 786 368 823 tumultum3
383 786 446 815 ima
459 784 597 826 primum
611 787 675 816 co'it
687 786 751 827 ple-

177 832 309 870 becula,
326 838 373 870 et,
401 830 474 862 cum
502 833 596 862 armis
613 843 679 862 non
700 834 749 862 in-

177 885 280 909 stucta
303 879 363 916 sit,
385 877 576 908 clamoribus
597 878 642 908 ad
658 889 751 908 arma

179 926 331 963 concitat,
348 925 414 954 sive
436 925 568 963 milites,
587 925 652 954 sive
666 926 751 965 ipsos

179 972 263 1003 cives
276 978 432 1001 cessantes
441 993 450 1007 ‚
466 971 500 1000 id
513 978 558 1001 est
568 993 576 1008 ‚
596 971 750 1012 tranquil-

178 1018 246 1056 los,
263 1024 295 1048 et
315 1017 397 1048 nihil
422 1017 523 1047 simile
555 1016 749 1047 meditantes.

177 1066 261 1097 Nota
275 1063 483 1105 emphaticam
492 1063 577 1093 illam
594 1063 753 1104 repetitio-

180 1121 254 1141 nem
269 1120 277 1142 :
297 1110 344 1140 ad
356 1120 448 1140 arma
458 1111 471 1139 ,Ι
488 1110 534 1140 ad
547 1111 661 1139 arma!
674 1119 753 1150 quas

180 1167 272 1188 voces
286 1157 399 1187 iterare
411 1156 513 1186 solent
528 1157 584 1196 qui
596 1156 630 1185 in
643 1166 754 1196 repen-

180 1204 248 1235 tino
271 1203 410 1234 tumultu
436 1202 476 1232 ad
502 1212 585 1232 arma
608 1207 752 1232 evocant.

180 1250 335 1282 SieOvid.
350 1250 566 1286 Metam.XII‚
584 1253 644 1284 241
661 1257 668 1278 :
686 1248 755 1278 Cer-

181 1296 337 1337 tatimque
351 1305 460 1326 omnes
478 1305 540 1324 uno
554 1305 622 1330 ore,
641 1304 750 1330 arma,

181 1353 273 1373 arma
288 1342 476 1383 loquuntur;
488 1348 518 1370 et
526 1342 615 1382 Virg.
631 1339 753 1370 AEneid.

182 1389 239 1421 lib.
249 1390 280 1419 ΙΙ
290 1411 299 1427 ,
315 1401 344 1420 v.
359 1388 424 1418 668
438 1397 446 1419 ε
459 1389 570 1424 Arma,
588 1385 756 1429 'vz'rt'‚ferte

185 1446 293 1467 arma.

229 1482 262 1514 6.
281 1483 370 1514 Saeva
386 1480 564 1512 Necessitas
578 1492 588 1512 .·
603 1479 675 1509 ideo
695 1485 756 1508 tei·-

183 1528 284 1560 ribilis
298 1529 473 1560 Necessitas
493 1530 665 1558 Fortunam
680 1535 757 1566 prae-

181 1575 291 1607 cedere
303 1573 451 1616 fingitur,
465 1573 539 1615 quia
559 1572 640 1603 nihil
662 1571 758 1613 magis

182 1622 356 1652 necessario
387 1621 510 1658 evenit,
544 1618 639 1660 quam
671 1616 758 1658 quod

183 1669 350 1706 Fortunae,
376 1667 410 1697 id
439 1673 484 1697 est
496 1689 503 1703 ‚
531 1663 756 1700 Providentiae,

186 1713 320 1744 decretis
350 1714 573 1754 praestitutum.
607 1728 652 1735 --
686 1710 759 1740 Cla-

186 1771 238 1791 vos
270 1760 409 1790 trabales
440 1771 450 1790 .-
483 1759 625 1800 ingentes
660 1756 758 1793 clavi,

185 1817 323 1848 quorum
336 1816 411 1836 usus
425 1811 470 1835 est
481 1805 634 1845 plurimas
647 1802 760 1839 trabes,

186 1853 281 1884 simul
298 1850 543 1893 compingendas
553 1873 562 1888 ,
576 1848 760 1888 trajiciendo

188 1899 335 1931 adunare.
349 1915 396 1923 --
411 1898 535 1928 Cuneos
551 1909 560 1927 .-
576 1895 694 1936 quibus
711 1895 759 1924 in-

186 1946 276 1978 sertis
287 1968 296 1984 ‚
315 1955 365 1976 res
387 1942 513 1975 diffindi
531 1942 658 1983 quidem
671 1940 761 1978 ‚sed,

187 1993 324 2024 dilatatis
334 1991 477 2032 partibus
487 2012 495 2027 ,
507 1987 717 2030 coagmentari
728 1992 758 2016 et

188 2041 253 2070 vim
265 2048 380 2069 novam
402 2037 544 2077 accipere
556 2040 699 2076 possunt.
714 2049 760 2056 -—-

189 2088 320 2116 Severus
334 2094 432 2114 uncus
448 2093 458 2112 .·
478 2091 578 2125 genus
601 2078 761 2120 quoddam

189 2133 275 2163 hami
291 2132 394 2168 ferrei,
406 2139 471 2171 quo
485 2138 558 2158 saxa
568 2133 598 2157 et
613 2132 763 2156 caementa

190 2177 367 2209 firmissime
382 2178 465 2208 inter
479 2186 510 2206 se
526 2173 764 2209 devinciuntur,

191 2224 381 2266 praesertim,
401 2222 534 2266 plumbo
561 2218 683 2261 liquido
711 2217 764 2248 ad-

799 741 902 779 jecto;
930 748 1050 769 severus
1074 739 1177 769 autem
1202 748 1304 769 uncus
1328 739 1374 770 di-

801 787 901 824 citur,
917 796 974 826 per
990 784 1204 826 metaphoram
1222 795 1292 826 quae
1311 792 1375 815 tan—

802 830 905 862 tillum
926 831 1005 861 dura
1019 831 1156 862 videtur.
1175 833 1220 862 Ut
1234 831 1317 861 enim
1332 842 1375 862 se-

803 879 917 908 veritas
932 888 980 907 res
997 884 1028 907 et
1045 877 1189 907 homiues
1207 877 1242 907 in
1264 877 1376 908 ordine

803 925 945 954 continet
956 946 964 961 ,
979 924 1023 954 sic
1042 923 1127 953 hami
1141 923 1189 953 illi
1203 923 1315 961 ferrei,
1329 923 1374 953 la-

802 970 890 1011 pides
905 969 1120 1000 indissolubili
1136 968 1222 1000 nodo
1246 970 1378 1008 conjun-

803 1023 882 1058 gunt
900 1023 930 1046 et
950 1015 1160 1046 consolidant.
1171 1016 1287 1046 Omnia
1301 1016 1377 1046 vcro

803 1063 871 1093 haec
884 1064 1092 1092 instrumenta
1105 1062 1285 1093 Necessitati
1294 1068 1378 1092 vates

807 1109 930 1146 tribuit,
942 1108 1059 1149 quibus
1074 1107 1160 1138 illius
1169 1108 1234 1138 vim
1242 1107 1376 1138 indomi-

807 1162 868 1185 tam
882 1153 1046 1196 significet.
1061 1155 1106 1185 Ut
1131 1153 1215 1184 enim
1236 1153 1377 1184 laborem

806 1212 899 1231 suum
922 1200 1084 1241 perderet,
1100 1201 1156 1241 qui
1179 1201 1252 1229 artis
1266 1210 1377 1231 monu-

806 1254 909 1278 menta
917 1245 979 1276 tam
989 1246 1088 1276 solide
1098 1252 1378 1284 constructa,tanto

807 1296 1090 1324 instrumentorum
1099 1298 1249 1332 apparatu
1258 1293 1378 1322 munita

808 1339 903 1370 vellet
920 1346 1059 1369 evertere
1070 1360 1079 1376 ,
1099 1340 1144 1368 sic
1163 1339 1198 1368 in
1216 1349 1313 1369 vanos
1328 1349 1378 1368 co-

809 1393 914 1420 natus,
928 1384 1144 1415 effunderetur
1154 1406 1163 1422 ‚
1186 1385 1379 1425 quicumque

810 1438 942 1462 tentaret
961 1429 1070 1461 contra
1087 1431 1285 1463 Necessitatis
1300 1439 1380 1472 opus

808 1480 981 1520 insurgere.

857 1536 887 1564 7.
908 1526 950 1555 Te
966 1525 1066 1564 Spes:
1090 1523 1130 1554 de
1156 1522 1284 1553 adversa
1309 1525 1382 1554 For-

809 1571 886 1602 tuna
909 1571 1093 1607 locuturus,
1113 1571 1184 1609 jure
1213 1579 1248 1599 ac
1270 1570 1384 1600 merit&

810 1620 903 1658 Spem
919 1617 967 1646 illi
988 1615 1135 1646 asseclam
1147 1615 1289 1656 praebet3
1307 1618 1384 1657 Spes

811 1663 895 1693 enim
912 1663 1042 1692 miseros
1055 1662 1194 1692 melioris
1207 1662 1300 1692 sortis
1313 1672 1384 1703 μοι

811 1716 920 1750 spectu
947 1714 1076 1739 recreat.
1092 1725 1138 1731 —
1153 1709 1240 1738 Rara
1262 1707 1356 1738 Fides
1372 1718 1382 1737 .·

813 1766 882 1796 quae
901 1754 919 1785 a
934 1755 1061 1796 paucis,
1079 1753 1194 1784 nubilo
1215 1753 1383 1784 infortunii
1403 1767 1405 1769 ·

814 1809 954 1842 tempore
966 1824 974 1839 ,
993 1800 1121 1831 colitur.
1136 1817 1182 1823 —-
1197 1799 1280 1830 Albo
1294 1800 1386 1830 vela·

813 1855 848 1878 ca
862 1858 975 1887 panno
990 1858 1000 1877 .·
1021 1847 1056 1876 in
1072 1845 1218 1876 candoris
1241 1852 1271 1876 et
1295 1847 1384 1876 inno-

813 1895 924 1924 centiae
948 1895 1085 1934 signum.
1097 1909 1144 1916 ·—-
1158 1893 1227 1923 Nec
1241 1892 1385 1922 comitem

813 1940 952 1981 abnegat
961 1951 970 1969 .·
985 1949 1042 1979 per
1050 1938 1184 1979 ellipsim
1195 1947 1202 1969 :
1217 1948 1275 1969 nec
1284 1949 1315 1968 se
1326 1938 1384 1968 tibi

811 1986 884 2016 dare
897 1986 1043 2016 comitem
1058 1991 1190 2015 recusat.
1204 2002 1249 2008 —-
1264 1986 1387 2015 Utcum-

813 2042 874 2073 que
889 2044 896 2062 :
914 2032 1175 2073 quotiescumque
1189 2037 1224 2061 tu
1235 2052 1244 2069 ,
1267 2031 1286 2061 ὀ
1312 2032 1387 2061 For-

815 2086 892 2109 tuna
902 2099 911 2116 ,
939 2084 1032 2107 veste
1062 2073 1206 2112 mutaed,
1242 2075 1386 2107 sordidos

815 2125 956 2166 egestatis
968 2133 1090 2165 pannos
1103 2122 1239 2153 induens
1248 2145 1256 2160 ‚
1272 2122 1387 2152 deseris

811 2177 958 2212 potentes
981 2170 1110 2206 domos,
1129 2171 1163 2200 iu
1189 2168 1322 2210 quibus,
1339 2178 1389 2198 su-

817 2217 923 2258 perbis
933 2215 1076 2248 decorata
1087 2215 1240 2253 vestibus,
1248 2221 1285 2246 ut
1300 2214 1390 2245 deam

1447 186 1456 235 ³.
