<?xml version="1.0" encoding="UTF-8"?>
<!DOCTYPE html PUBLIC "-//W3C//DTD XHTML 1.0 Transitional//EN"
    "http://www.w3.org/TR/xhtml1/DTD/xhtml1-transitional.dtd">
<html xmlns="http://www.w3.org/1999/xhtml" xml:lang="en" lang="en">
 <head>
  <title>
</title>
<meta http-equiv="Content-Type" content="text/html;charset=utf-8" />
  <meta name='ocr-system' content='tesseract 3.04.00' />
  <meta name='ocr-capabilities' content='ocr_page ocr_carea ocr_par ocr_line ocrx_word'/>
</head>
<body>
  <div class='ocr_page' id='page_1' title='image "./quintushoratiusf01horauoft_0075.png"; bbox 0 0 1456 2508; ppageno 0'>
   <div class='ocr_carea' id='block_1_1' title="bbox 406 82 418 98">
    <p class='ocr_par' dir='ltr' id='par_1_1' title="bbox 406 82 418 98">
     <span class='ocr_line' id='line_1_1' title="bbox 406 82 418 98; baseline 0 0"><span class='ocrx_word' id='word_1_1' title='bbox 406 82 418 98; x_wconf 60' lang='grc' dir='ltr'>ἱ</span> 
     </span>
    </p>
   </div>
   <div class='ocr_carea' id='block_1_2' title="bbox 575 143 1335 176">
    <p class='ocr_par' dir='ltr' id='par_1_2' title="bbox 575 143 1335 176">
     <span class='ocr_line' id='line_1_2' title="bbox 575 143 1335 176; baseline -0.009 -1"><span class='ocrx_word' id='word_1_2' title='bbox 575 144 655 175; x_wconf 88' lang='lat' dir='ltr'><strong>LIB.</strong></span> <span class='ocrx_word' id='word_1_3' title='bbox 680 143 696 174; x_wconf 93' lang='lat'>1</span> <span class='ocrx_word' id='word_1_4' title='bbox 720 143 809 176; x_wconf 86' lang='lat' dir='ltr'><strong>ODE</strong></span> <span class='ocrx_word' id='word_1_5' title='bbox 833 144 876 174; x_wconf 84' lang='lat' dir='ltr'><strong>V.</strong></span> <span class='ocrx_word' id='word_1_6' title='bbox 1295 144 1335 174; x_wconf 74' lang='lat'><strong>41</strong></span> 
     </span>
    </p>
   </div>
   <div class='ocr_carea' id='block_1_3' title="bbox 274 201 726 254">
    <p class='ocr_par' dir='ltr' id='par_1_3' title="bbox 274 201 726 254">
     <span class='ocr_line' id='line_1_3' title="bbox 274 201 726 254; baseline -0.004 -13"><span class='ocrx_word' id='word_1_7' title='bbox 274 202 406 254; x_wconf 79' lang='lat' dir='ltr'>Nigris</span> <span class='ocrx_word' id='word_1_8' title='bbox 424 215 582 252; x_wconf 82' lang='lat' dir='ltr'><strong>aequora</strong></span> <span class='ocrx_word' id='word_1_9' title='bbox 600 201 726 240; x_wconf 87' lang='lat' dir='ltr'><strong>ventis</strong></span> 
     </span>
    </p>
   </div>
   <div class='ocr_carea' id='block_1_4' title="bbox 224 262 1333 498">
    <p class='ocr_par' dir='ltr' id='par_1_4' title="bbox 224 262 1333 498">
     <span class='ocr_line' id='line_1_4' title="bbox 329 262 772 310; baseline -0.007 -8"><span class='ocrx_word' id='word_1_10' title='bbox 329 262 569 302; x_wconf 84' lang='lat' dir='ltr'><strong>Emirabitur</strong></span> <span class='ocrx_word' id='word_1_11' title='bbox 586 262 772 310; x_wconf 83' lang='lat' dir='ltr'><strong>iusolens,</strong></span> 
     </span>
     <span class='ocr_line' id='line_1_5' title="bbox 224 320 1032 372; baseline -0.004 -10"><span class='ocrx_word' id='word_1_12' title='bbox 224 324 303 372; x_wconf 91' lang='lat' dir='ltr'><strong>Qui</strong></span> <span class='ocrx_word' id='word_1_13' title='bbox 322 337 425 362; x_wconf 88' lang='lat' dir='ltr'><strong>nunc</strong></span> <span class='ocrx_word' id='word_1_14' title='bbox 444 333 482 362; x_wconf 86' lang='lat' dir='ltr'><strong>te</strong></span> <span class='ocrx_word' id='word_1_15' title='bbox 499 323 643 362; x_wconf 86' lang='lat' dir='ltr'>fruitur</span> <span class='ocrx_word' id='word_1_16' title='bbox 661 322 842 361; x_wconf 90' lang='lat' dir='ltr'><strong>credulus</strong></span> <span class='ocrx_word' id='word_1_17' title='bbox 862 322 980 360; x_wconf 65' lang='lat' dir='ltr'><strong>aurea</strong></span> <span class='ocrx_word' id='word_1_18' title='bbox 998 320 1032 369; x_wconf 73' lang='lat'><strong>⁵5</strong></span> 
     </span>
     <span class='ocr_line' id='line_1_6' title="bbox 224 383 1333 438; baseline -0.005 -13"><span class='ocrx_word' id='word_1_19' title='bbox 224 385 303 433; x_wconf 88' lang='lat' dir='ltr'><strong>Qui</strong></span> <span class='ocrx_word' id='word_1_20' title='bbox 322 399 474 438; x_wconf 85' lang='lat' dir='ltr'><strong>semper</strong></span> <span class='ocrx_word' id='word_1_21' title='bbox 492 398 654 423; x_wconf 88' lang='lat' dir='ltr'><strong>vacuam</strong></span> <span class='ocrx_word' id='word_1_22' title='bbox 671 383 700 431; x_wconf 88' lang='lat'><strong>⁶,</strong></span> <span class='ocrx_word' id='word_1_23' title='bbox 719 397 871 435; x_wconf 88' lang='lat' dir='ltr'><strong>semper</strong></span> <span class='ocrx_word' id='word_1_24' title='bbox 890 383 1095 422; x_wconf 85' lang='lat' dir='ltr'><strong>amabilem</strong></span> <span class='ocrx_word' id='word_1_25' title='bbox 1303 399 1333 414; x_wconf 79' lang='grc' dir='ltr'><strong>ιο</strong></span> 
     </span>
     <span class='ocr_line' id='line_1_7' title="bbox 277 446 760 498; baseline -0.004 -13"><span class='ocrx_word' id='word_1_26' title='bbox 277 449 435 498; x_wconf 86' lang='lat' dir='ltr'><strong>Sperat,</strong></span> <span class='ocrx_word' id='word_1_27' title='bbox 452 446 603 485; x_wconf 87' lang='lat' dir='ltr'><strong>nescius</strong></span> <span class='ocrx_word' id='word_1_28' title='bbox 622 458 727 484; x_wconf 78' lang='lat' dir='ltr'><strong>aurae</strong></span> <span class='ocrx_word' id='word_1_29' title='bbox 745 453 760 476; x_wconf 89' lang='lat'><strong>⁷</strong></span> 
     </span>
    </p>
   </div>
   <div class='ocr_carea' id='block_1_5' title="bbox 148 545 170 559">
    <p class='ocr_par' dir='ltr' id='par_1_5' title="bbox 148 545 170 559">
     <span class='ocr_line' id='line_1_8' title="bbox 148 545 170 559; baseline 0 0"><span class='ocrx_word' id='word_1_30' title='bbox 148 545 170 559; x_wconf 54' lang='lat' dir='ltr'>Q</span> 
     </span>
    </p>
   </div>
   <div class='ocr_carea' id='block_1_6' title="bbox 326 506 867 558">
    <p class='ocr_par' dir='ltr' id='par_1_6' title="bbox 326 506 867 558">
     <span class='ocr_line' id='line_1_9' title="bbox 326 506 867 558; baseline -0.002 -11"><span class='ocrx_word' id='word_1_31' title='bbox 326 508 497 554; x_wconf 88' lang='lat' dir='ltr'><strong>Fallacis.</strong></span> <span class='ocrx_word' id='word_1_32' title='bbox 516 508 669 556; x_wconf 86' lang='lat' dir='ltr'>Miseri,</span> <span class='ocrx_word' id='word_1_33' title='bbox 690 506 833 558; x_wconf 89' lang='lat' dir='ltr'><strong>quibus</strong></span> <span class='ocrx_word' id='word_1_34' title='bbox 851 507 867 530; x_wconf 73' lang='lat'><strong><em>⁸</em></strong></span> 
     </span>
    </p>
   </div>
   <div class='ocr_carea' id='block_1_7' title="bbox 218 568 942 683">
    <p class='ocr_par' dir='ltr' id='par_1_7' title="bbox 218 568 942 683">
     <span class='ocr_line' id='line_1_10' title="bbox 221 568 942 609; baseline -0.006 0"><span class='ocrx_word' id='word_1_35' title='bbox 221 572 414 609; x_wconf 83' lang='lat' dir='ltr'><strong>Intentata</strong></span> <span class='ocrx_word' id='word_1_36' title='bbox 432 571 549 608; x_wconf 86' lang='lat' dir='ltr'><strong>nites!</strong></span> <span class='ocrx_word' id='word_1_37' title='bbox 570 572 636 607; x_wconf 89' lang='lat' dir='ltr'><strong>Me</strong></span> <span class='ocrx_word' id='word_1_38' title='bbox 655 568 788 607; x_wconf 73' lang='lat' dir='ltr'><strong>tabula</strong></span> <span class='ocrx_word' id='word_1_39' title='bbox 804 581 912 607; x_wconf 83' lang='lat' dir='ltr'><strong>sacer</strong></span> <span class='ocrx_word' id='word_1_40' title='bbox 927 575 942 598; x_wconf 84' lang='lat'><strong>⁹</strong></span> 
     </span>
     <span class='ocr_line' id='line_1_11' title="bbox 218 628 804 683; baseline -0.005 -13"><span class='ocrx_word' id='word_1_41' title='bbox 218 631 360 670; x_wconf 62' lang='lat' dir='ltr'><strong>Votivaei</strong></span> <span class='ocrx_word' id='word_1_42' title='bbox 376 631 505 683; x_wconf 86' lang='lat' dir='ltr'><strong>paries</strong></span> <span class='ocrx_word' id='word_1_43' title='bbox 523 629 668 668; x_wconf 89' lang='lat' dir='ltr'><strong>indicat</strong></span> <span class='ocrx_word' id='word_1_44' title='bbox 686 628 804 668; x_wconf 87' lang='lat' dir='ltr'><strong>uvida</strong></span> 
     </span>
    </p>
   </div>
   <div class='ocr_carea' id='block_1_8' title="bbox 267 691 696 744">
    <p class='ocr_par' dir='ltr' id='par_1_8' title="bbox 267 691 696 744">
     <span class='ocr_line' id='line_1_12' title="bbox 267 691 696 744; baseline -0.007 -13"><span class='ocrx_word' id='word_1_45' title='bbox 267 693 526 744; x_wconf 60' lang='lat' dir='ltr'><strong>‘Suspendisse</strong></span> <span class='ocrx_word' id='word_1_46' title='bbox 545 691 696 743; x_wconf 87' lang='lat' dir='ltr'><strong>potenti</strong></span> 
     </span>
    </p>
   </div>
   <div class='ocr_carea' id='block_1_9' title="bbox 1304 698 1333 722">
    <p class='ocr_par' dir='ltr' id='par_1_9' title="bbox 1304 698 1333 722">
     <span class='ocr_line' id='line_1_13' title="bbox 1304 698 1333 722; baseline 0 0"><span class='ocrx_word' id='word_1_47' title='bbox 1304 698 1333 722; x_wconf 79' lang='lat'><strong>15</strong></span> 
     </span>
    </p>
   </div>
   <div class='ocr_carea' id='block_1_10' title="bbox 324 751 801 793">
    <p class='ocr_par' dir='ltr' id='par_1_10' title="bbox 324 751 801 793">
     <span class='ocr_line' id='line_1_14' title="bbox 324 751 801 793; baseline -0.006 0"><span class='ocrx_word' id='word_1_48' title='bbox 324 754 563 793; x_wconf 83' lang='lat' dir='ltr'><strong>Vestimenta</strong></span> <span class='ocrx_word' id='word_1_49' title='bbox 580 752 696 791; x_wconf 87' lang='lat' dir='ltr'><strong>maris</strong></span> <span class='ocrx_word' id='word_1_50' title='bbox 715 751 801 791; x_wconf 87' lang='lat' dir='ltr'><strong>deo.</strong></span> 
     </span>
    </p>
   </div>
   <div class='ocr_carea' id='block_1_11' title="bbox 111 881 698 1780">
    <p class='ocr_par' dir='ltr' id='par_1_11' title="bbox 112 881 697 1152">
     <span class='ocr_line' id='line_1_15' title="bbox 112 881 697 924; baseline -0.002 -10"><span class='ocrx_word' id='word_1_51' title='bbox 112 882 195 914; x_wconf 80' lang='lat' dir='ltr'><strong>rium</strong></span> <span class='ocrx_word' id='word_1_52' title='bbox 212 890 247 914; x_wconf 83' lang='lat' dir='ltr'><strong>et</strong></span> <span class='ocrx_word' id='word_1_53' title='bbox 263 881 418 914; x_wconf 78' lang='lat' dir='ltr'><strong>mutabile</strong></span> <span class='ocrx_word' id='word_1_54' title='bbox 436 891 564 924; x_wconf 78' lang='lat' dir='ltr'><strong>semper</strong></span> <span class='ocrx_word' id='word_1_55' title='bbox 577 881 697 914; x_wconf 79' lang='lat' dir='ltr'><strong>Foemi-</strong></span> 
     </span>
     <span class='ocr_line' id='line_1_16' title="bbox 115 930 697 973; baseline 0 -12"><span class='ocrx_word' id='word_1_56' title='bbox 115 941 161 962; x_wconf 81' lang='lat' dir='ltr'><strong>na</strong></span> <span class='ocrx_word' id='word_1_57' title='bbox 172 931 279 973; x_wconf 66' lang='lat' dir='ltr'><strong>&#39;Vis-g„</strong></span> <span class='ocrx_word' id='word_1_58' title='bbox 294 932 367 962; x_wconf 83' lang='lat' dir='ltr'><strong>AEu.</strong></span> <span class='ocrx_word' id='word_1_59' title='bbox 378 931 439 969; x_wconf 80' lang='lat' dir='ltr'><strong>IV,</strong></span> <span class='ocrx_word' id='word_1_60' title='bbox 453 930 520 972; x_wconf 81' lang='lat'><strong>569</strong></span> <span class='ocrx_word' id='word_1_61' title='bbox 532 953 541 970; x_wconf 87' lang='lat'><strong>,</strong></span> <span class='ocrx_word' id='word_1_62' title='bbox 553 930 640 972; x_wconf 91' lang='lat' dir='ltr'><strong>quod</strong></span> <span class='ocrx_word' id='word_1_63' title='bbox 657 930 697 961; x_wconf 88' lang='lat' dir='ltr'><strong>de</strong></span> 
     </span>
     <span class='ocr_line' id='line_1_17' title="bbox 113 977 696 1020; baseline -0.002 -11"><span class='ocrx_word' id='word_1_64' title='bbox 113 978 297 1009; x_wconf 77' lang='lat' dir='ltr'><strong>mrietiam</strong></span> <span class='ocrx_word' id='word_1_65' title='bbox 304 977 490 1020; x_wconf 64' lang='lat' dir='ltr'><strong>frequenter</strong></span> <span class='ocrx_word' id='word_1_66' title='bbox 500 977 624 1008; x_wconf 80' lang='lat' dir='ltr'><strong>dicrum</strong></span> <span class='ocrx_word' id='word_1_67' title='bbox 638 984 696 1009; x_wconf 84' lang='lat' dir='ltr'><strong>est.</strong></span> 
     </span>
     <span class='ocr_line' id='line_1_18' title="bbox 115 1024 697 1066; baseline -0.002 -10"><span class='ocrx_word' id='word_1_68' title='bbox 115 1043 162 1050; x_wconf 90' lang='lat'><strong>—-</strong></span> <span class='ocrx_word' id='word_1_69' title='bbox 175 1026 327 1056; x_wconf 80' lang='lat' dir='ltr'><strong>Insolens</strong></span> <span class='ocrx_word' id='word_1_70' title='bbox 342 1036 354 1056; x_wconf 88' lang='lat'><em>:</em></span> <span class='ocrx_word' id='word_1_71' title='bbox 370 1026 428 1066; x_wconf 88' lang='lat' dir='ltr'><strong>qui</strong></span> <span class='ocrx_word' id='word_1_72' title='bbox 449 1025 513 1056; x_wconf 83' lang='lat' dir='ltr'><strong>tale</strong></span> <span class='ocrx_word' id='word_1_73' title='bbox 531 1024 612 1066; x_wconf 90' lang='lat' dir='ltr'><strong>quid</strong></span> <span class='ocrx_word' id='word_1_74' title='bbox 626 1035 697 1057; x_wconf 87' lang='lat' dir='ltr'><strong>non</strong></span> 
     </span>
     <span class='ocr_line' id='line_1_19' title="bbox 115 1072 697 1115; baseline -0.002 -11"><span class='ocrx_word' id='word_1_75' title='bbox 115 1073 278 1112; x_wconf 76' lang='lat' dir='ltr'><strong>timuerat,</strong></span> <span class='ocrx_word' id='word_1_76' title='bbox 293 1079 426 1114; x_wconf 81' lang='lat' dir='ltr'><strong>stupens</strong></span> <span class='ocrx_word' id='word_1_77' title='bbox 435 1072 479 1104; x_wconf 91' lang='lat' dir='ltr'><strong>ob</strong></span> <span class='ocrx_word' id='word_1_78' title='bbox 488 1073 697 1115; x_wconf 78' lang='lat' dir='ltr'><strong>improvisam</strong></span> 
     </span>
     <span class='ocr_line' id='line_1_20' title="bbox 114 1120 395 1152; baseline -0.004 0"><span class='ocrx_word' id='word_1_79' title='bbox 114 1121 162 1152; x_wconf 81' lang='lat' dir='ltr'><strong>rei</strong></span> <span class='ocrx_word' id='word_1_80' title='bbox 178 1120 395 1152; x_wconf 73' lang='lat' dir='ltr'><strong>insolentiam.</strong></span> 
     </span>
    </p>

    <p class='ocr_par' dir='ltr' id='par_1_12' title="bbox 112 1167 698 1495">
     <span class='ocr_line' id='line_1_21' title="bbox 164 1167 698 1211; baseline -0.002 -12"><span class='ocrx_word' id='word_1_81' title='bbox 164 1167 197 1200; x_wconf 83' lang='grc'><strong>5.</strong></span> <span class='ocrx_word' id='word_1_82' title='bbox 211 1167 277 1210; x_wconf 74' lang='lat' dir='ltr'><strong>Qui</strong></span> <span class='ocrx_word' id='word_1_83' title='bbox 285 1178 372 1199; x_wconf 81' lang='lat' dir='ltr'><strong>nunc</strong></span> <span class='ocrx_word' id='word_1_84' title='bbox 381 1167 544 1211; x_wconf 71' lang='lat' dir='ltr'><strong>tofi-uitur</strong></span> <span class='ocrx_word' id='word_1_85' title='bbox 550 1167 698 1199; x_wconf 78' lang='lat' dir='ltr'><strong>credulus</strong></span> 
     </span>
     <span class='ocr_line' id='line_1_22' title="bbox 115 1213 696 1258; baseline 0 -12"><span class='ocrx_word' id='word_1_86' title='bbox 115 1213 218 1247; x_wconf 62' lang='lat' dir='ltr'><strong>aurei}</strong></span> <span class='ocrx_word' id='word_1_87' title='bbox 230 1226 241 1246; x_wconf 89' lang='lat'><strong>.·</strong></span> <span class='ocrx_word' id='word_1_88' title='bbox 254 1226 371 1247; x_wconf 83' lang='lat' dir='ltr'><strong>aurum</strong></span> <span class='ocrx_word' id='word_1_89' title='bbox 384 1217 492 1247; x_wconf 87' lang='lat' dir='ltr'><strong>nitore</strong></span> <span class='ocrx_word' id='word_1_90' title='bbox 506 1223 538 1247; x_wconf 87' lang='lat' dir='ltr'><strong>et</strong></span> <span class='ocrx_word' id='word_1_91' title='bbox 550 1215 696 1258; x_wconf 86' lang='lat' dir='ltr'><strong>pondere</strong></span> 
     </span>
     <span class='ocr_line' id='line_1_23' title="bbox 115 1262 695 1301; baseline 0.002 -8"><span class='ocrx_word' id='word_1_92' title='bbox 115 1262 156 1293; x_wconf 88' lang='lat' dir='ltr'><strong>ab</strong></span> <span class='ocrx_word' id='word_1_93' title='bbox 179 1262 250 1295; x_wconf 82' lang='lat' dir='ltr'><strong>aliis</strong></span> <span class='ocrx_word' id='word_1_94' title='bbox 271 1263 406 1294; x_wconf 83' lang='lat' dir='ltr'><strong>metallis</strong></span> <span class='ocrx_word' id='word_1_95' title='bbox 423 1263 638 1301; x_wconf 77' lang='lat' dir='ltr'><strong>discernitur3</strong></span> <span class='ocrx_word' id='word_1_96' title='bbox 663 1270 695 1297; x_wconf 90' lang='lat' dir='ltr'><strong>te</strong></span> 
     </span>
     <span class='ocr_line' id='line_1_24' title="bbox 113 1310 695 1352; baseline 0.002 -12"><span class='ocrx_word' id='word_1_97' title='bbox 113 1310 212 1352; x_wconf 85' lang='lat' dir='ltr'><strong>igitur</strong></span> <span class='ocrx_word' id='word_1_98' title='bbox 225 1320 355 1352; x_wconf 85' lang='lat' dir='ltr'><strong>gravem</strong></span> <span class='ocrx_word' id='word_1_99' title='bbox 368 1311 460 1352; x_wconf 78' lang='lat' dir='ltr'><strong>aeque</strong></span> <span class='ocrx_word' id='word_1_100' title='bbox 473 1322 508 1342; x_wconf 91' lang='lat' dir='ltr'><strong>ac</strong></span> <span class='ocrx_word' id='word_1_101' title='bbox 526 1310 695 1341; x_wconf 81' lang='lat' dir='ltr'><strong>amabilem</strong></span> 
     </span>
     <span class='ocr_line' id='line_1_25' title="bbox 112 1355 695 1396; baseline -0.002 -7"><span class='ocrx_word' id='word_1_102' title='bbox 112 1355 210 1389; x_wconf 76' lang='lat' dir='ltr'><strong>hodie</strong></span> <span class='ocrx_word' id='word_1_103' title='bbox 225 1357 379 1389; x_wconf 87' lang='lat' dir='ltr'><strong>credulus</strong></span> <span class='ocrx_word' id='word_1_104' title='bbox 393 1357 585 1396; x_wconf 81' lang='lat' dir='ltr'><strong>arbitratur,</strong></span> <span class='ocrx_word' id='word_1_105' title='bbox 605 1365 637 1388; x_wconf 91' lang='lat' dir='ltr'><strong>et</strong></span> <span class='ocrx_word' id='word_1_106' title='bbox 649 1359 695 1388; x_wconf 85' lang='lat' dir='ltr'><strong>sic</strong></span> 
     </span>
     <span class='ocr_line' id='line_1_26' title="bbox 113 1405 696 1443; baseline 0.002 -8"><span class='ocrx_word' id='word_1_107' title='bbox 113 1405 189 1436; x_wconf 77' lang='lat' dir='ltr'><strong>vere</strong></span> <span class='ocrx_word' id='word_1_108' title='bbox 227 1415 362 1436; x_wconf 81' lang='lat' dir='ltr'><strong>auream</strong></span> <span class='ocrx_word' id='word_1_109' title='bbox 376 1418 390 1443; x_wconf 89' lang='grc'><strong>,·</strong></span> <span class='ocrx_word' id='word_1_110' title='bbox 427 1416 496 1437; x_wconf 84' lang='lat' dir='ltr'><strong>cras</strong></span> <span class='ocrx_word' id='word_1_111' title='bbox 532 1406 696 1436; x_wconf 87' lang='lat' dir='ltr'><strong>levitatem</strong></span> 
     </span>
     <span class='ocr_line' id='line_1_27' title="bbox 113 1457 424 1495; baseline -0.003 -11"><span class='ocrx_word' id='word_1_112' title='bbox 113 1457 203 1484; x_wconf 83' lang='lat' dir='ltr'><strong>tuam</strong></span> <span class='ocrx_word' id='word_1_113' title='bbox 218 1459 424 1495; x_wconf 80' lang='lat' dir='ltr'><strong>experturus,</strong></span> 
     </span>
    </p>

    <p class='ocr_par' dir='ltr' id='par_1_13' title="bbox 113 1499 696 1637">
     <span class='ocr_line' id='line_1_28' title="bbox 161 1499 696 1542; baseline -0.002 -11"><span class='ocrx_word' id='word_1_114' title='bbox 161 1500 195 1531; x_wconf 84' lang='lat'><strong>6.</strong></span> <span class='ocrx_word' id='word_1_115' title='bbox 214 1500 278 1542; x_wconf 80' lang='lat' dir='ltr'><strong>Qui</strong></span> <span class='ocrx_word' id='word_1_116' title='bbox 296 1511 423 1541; x_wconf 82' lang='lat' dir='ltr'><strong>semper</strong></span> <span class='ocrx_word' id='word_1_117' title='bbox 441 1499 588 1531; x_wconf 71' lang='lat' dir='ltr'><strong>‘vacuam</strong></span> <span class='ocrx_word' id='word_1_118' title='bbox 603 1511 614 1530; x_wconf 92' lang='lat'><em>:</em></span> <span class='ocrx_word' id='word_1_119' title='bbox 633 1499 696 1530; x_wconf 89' lang='lat' dir='ltr'><strong>sibi</strong></span> 
     </span>
     <span class='ocr_line' id='line_1_29' title="bbox 114 1546 694 1589; baseline -0.002 -11"><span class='ocrx_word' id='word_1_120' title='bbox 114 1546 177 1578; x_wconf 79' lang='lat' dir='ltr'><strong>soli</strong></span> <span class='ocrx_word' id='word_1_121' title='bbox 189 1553 359 1578; x_wconf 78' lang='lat' dir='ltr'><strong>vacantem</strong></span> <span class='ocrx_word' id='word_1_122' title='bbox 382 1554 414 1578; x_wconf 88' lang='lat' dir='ltr'><strong>et</strong></span> <span class='ocrx_word' id='word_1_123' title='bbox 435 1554 597 1589; x_wconf 87' lang='lat' dir='ltr'><strong>paratam,</strong></span> <span class='ocrx_word' id='word_1_124' title='bbox 616 1547 694 1578; x_wconf 87' lang='lat' dir='ltr'><strong>alio-</strong></span> 
     </span>
     <span class='ocr_line' id='line_1_30' title="bbox 113 1594 655 1637; baseline 0 -11"><span class='ocrx_word' id='word_1_125' title='bbox 113 1603 189 1625; x_wconf 80' lang='lat' dir='ltr'><strong>rum</strong></span> <span class='ocrx_word' id='word_1_126' title='bbox 200 1594 360 1634; x_wconf 80' lang='lat' dir='ltr'><strong>juvenum</strong></span> <span class='ocrx_word' id='word_1_127' title='bbox 375 1595 655 1637; x_wconf 80' lang='lat' dir='ltr'><strong>contemptricem.</strong></span> 
     </span>
    </p>

    <p class='ocr_par' dir='ltr' id='par_1_14' title="bbox 111 1641 693 1732">
     <span class='ocr_line' id='line_1_31' title="bbox 162 1641 693 1686; baseline 0 -13"><span class='ocrx_word' id='word_1_128' title='bbox 162 1651 195 1681; x_wconf 80' lang='lat'><strong>7.</strong></span> <span class='ocrx_word' id='word_1_129' title='bbox 204 1641 339 1673; x_wconf 80' lang='lat' dir='ltr'><strong>Nescius</strong></span> <span class='ocrx_word' id='word_1_130' title='bbox 353 1641 603 1686; x_wconf 76' lang='lat' dir='ltr'><strong>auraefhllacis;</strong></span> <span class='ocrx_word' id='word_1_131' title='bbox 618 1652 693 1673; x_wconf 89' lang='lat' dir='ltr'><strong>con-</strong></span> 
     </span>
     <span class='ocr_line' id='line_1_32' title="bbox 111 1688 438 1732; baseline 0.006 -13"><span class='ocrx_word' id='word_1_132' title='bbox 111 1688 260 1720; x_wconf 80' lang='lat' dir='ltr'><strong>tinuatur</strong></span> <span class='ocrx_word' id='word_1_133' title='bbox 277 1689 438 1732; x_wconf 79' lang='lat' dir='ltr'><strong>allegoria.</strong></span> 
     </span>
    </p>

    <p class='ocr_par' dir='ltr' id='par_1_15' title="bbox 159 1735 692 1780">
     <span class='ocr_line' id='line_1_33' title="bbox 159 1735 692 1780; baseline 0.002 -13"><span class='ocrx_word' id='word_1_134' title='bbox 159 1735 191 1768; x_wconf 83' lang='lat'><strong>8.</strong></span> <span class='ocrx_word' id='word_1_135' title='bbox 216 1736 331 1769; x_wconf 79' lang='lat' dir='ltr'><strong>Miseri</strong></span> <span class='ocrx_word' id='word_1_136' title='bbox 349 1737 464 1779; x_wconf 78' lang='lat' dir='ltr'><strong>quibus</strong></span> <span class='ocrx_word' id='word_1_137' title='bbox 486 1736 596 1769; x_wconf 73' lang='lat' dir='ltr'><strong>nicese’</strong></span> <span class='ocrx_word' id='word_1_138' title='bbox 618 1738 692 1780; x_wconf 82' lang='lat' dir='ltr'><strong>qui·</strong></span> 
     </span>
    </p>
   </div>
   <div class='ocr_carea' id='block_1_12' title="bbox 747 877 1339 1769">
    <p class='ocr_par' dir='ltr' id='par_1_16' title="bbox 751 877 1338 1065">
     <span class='ocr_line' id='line_1_34' title="bbox 751 877 1338 920; baseline -0.009 -8"><span class='ocrx_word' id='word_1_139' title='bbox 751 881 815 912; x_wconf 84' lang='lat' dir='ltr'><strong>bus</strong></span> <span class='ocrx_word' id='word_1_140' title='bbox 828 880 940 911; x_wconf 79' lang='lat' dir='ltr'><strong>formae</strong></span> <span class='ocrx_word' id='word_1_141' title='bbox 956 886 1020 910; x_wconf 85' lang='lat' dir='ltr'><strong>tuae</strong></span> <span class='ocrx_word' id='word_1_142' title='bbox 1034 878 1141 909; x_wconf 81' lang='lat' dir='ltr'><strong>nitore</strong></span> <span class='ocrx_word' id='word_1_143' title='bbox 1153 877 1279 920; x_wconf 82' lang='lat' dir='ltr'><strong>places?</strong></span> <span class='ocrx_word' id='word_1_144' title='bbox 1290 897 1338 903; x_wconf 90' lang='lat'>—</span> 
     </span>
     <span class='ocr_line' id='line_1_35' title="bbox 752 925 1336 969; baseline -0.005 -10"><span class='ocrx_word' id='word_1_145' title='bbox 752 931 922 959; x_wconf 79' lang='lat' dir='ltr'><strong>Intentaca</strong></span> <span class='ocrx_word' id='word_1_146' title='bbox 947 939 958 957; x_wconf 92' lang='lat'><em>:</em></span> <span class='ocrx_word' id='word_1_147' title='bbox 989 927 1063 969; x_wconf 87' lang='lat' dir='ltr'><strong>qui,</strong></span> <span class='ocrx_word' id='word_1_148' title='bbox 1091 925 1336 967; x_wconf 85' lang='lat' dir='ltr'><strong>pulchritudine</strong></span> 
     </span>
     <span class='ocr_line' id='line_1_36' title="bbox 751 972 1336 1016; baseline -0.002 -9"><span class='ocrx_word' id='word_1_149' title='bbox 751 975 808 1007; x_wconf 68' lang='lat' dir='ltr'><strong>tua</strong></span> <span class='ocrx_word' id='word_1_150' title='bbox 824 975 947 1013; x_wconf 85' lang='lat' dir='ltr'><strong>allecti,</strong></span> <span class='ocrx_word' id='word_1_151' title='bbox 964 972 1115 1006; x_wconf 72' lang='lat' dir='ltr'><strong>nondum</strong></span> <span class='ocrx_word' id='word_1_152' title='bbox 1131 984 1194 1004; x_wconf 89' lang='lat' dir='ltr'><strong>usu</strong></span> <span class='ocrx_word' id='word_1_153' title='bbox 1215 985 1336 1016; x_wconf 86' lang='lat' dir='ltr'><strong>cogno-</strong></span> 
     </span>
     <span class='ocr_line' id='line_1_37' title="bbox 752 1021 1336 1065; baseline -0.003 -10"><span class='ocrx_word' id='word_1_154' title='bbox 752 1030 872 1055; x_wconf 84' lang='lat' dir='ltr'><strong>verunt</strong></span> <span class='ocrx_word' id='word_1_155' title='bbox 885 1022 983 1065; x_wconf 73' lang='lat' dir='ltr'><strong>quam</strong></span> <span class='ocrx_word' id='word_1_156' title='bbox 997 1021 1149 1052; x_wconf 87' lang='lat' dir='ltr'><strong>mutabili</strong></span> <span class='ocrx_word' id='word_1_157' title='bbox 1161 1022 1204 1052; x_wconf 85' lang='lat' dir='ltr'><strong>sis</strong></span> <span class='ocrx_word' id='word_1_158' title='bbox 1217 1022 1336 1053; x_wconf 85' lang='lat' dir='ltr'><strong>animo.</strong></span> 
     </span>
    </p>

    <p class='ocr_par' dir='ltr' id='par_1_17' title="bbox 747 1068 1339 1769">
     <span class='ocr_line' id='line_1_38' title="bbox 800 1068 1338 1113; baseline -0.004 -11"><span class='ocrx_word' id='word_1_159' title='bbox 800 1082 833 1113; x_wconf 87' lang='lat'><strong>9.</strong></span> <span class='ocrx_word' id='word_1_160' title='bbox 852 1072 955 1101; x_wconf 85' lang='lat' dir='ltr'><strong>Sacer</strong></span> <span class='ocrx_word' id='word_1_161' title='bbox 961 1068 1075 1112; x_wconf 83' lang='lat' dir='ltr'><strong>paries</strong></span> <span class='ocrx_word' id='word_1_162' title='bbox 1090 1080 1100 1099; x_wconf 87' lang='lat'><strong>.·</strong></span> <span class='ocrx_word' id='word_1_163' title='bbox 1115 1069 1270 1100; x_wconf 84' lang='lat' dir='ltr'><strong>sacellum</strong></span> <span class='ocrx_word' id='word_1_164' title='bbox 1284 1070 1338 1101; x_wconf 88' lang='lat' dir='ltr'><strong>vel</strong></span> 
     </span>
     <span class='ocr_line' id='line_1_39' title="bbox 753 1115 1338 1160; baseline -0.002 -11"><span class='ocrx_word' id='word_1_165' title='bbox 753 1118 910 1160; x_wconf 85' lang='lat' dir='ltr'><strong>templum</strong></span> <span class='ocrx_word' id='word_1_166' title='bbox 926 1119 1083 1160; x_wconf 79' lang='lat' dir='ltr'><strong>Neptuno</strong></span> <span class='ocrx_word' id='word_1_167' title='bbox 1107 1115 1262 1148; x_wconf 85' lang='lat' dir='ltr'><strong>dicatum.</strong></span> <span class='ocrx_word' id='word_1_168' title='bbox 1282 1119 1338 1150; x_wconf 83' lang='lat' dir='ltr'><strong>Ri-</strong></span> 
     </span>
     <span class='ocr_line' id='line_1_40' title="bbox 751 1164 1336 1208; baseline -0.002 -11"><span class='ocrx_word' id='word_1_169' title='bbox 751 1173 823 1197; x_wconf 85' lang='lat' dir='ltr'><strong>tum</strong></span> <span class='ocrx_word' id='word_1_170' title='bbox 844 1173 987 1197; x_wconf 81' lang='lat' dir='ltr'><strong>veterem</strong></span> <span class='ocrx_word' id='word_1_171' title='bbox 1002 1166 1122 1208; x_wconf 85' lang='lat' dir='ltr'><strong>tangit,</strong></span> <span class='ocrx_word' id='word_1_172' title='bbox 1140 1164 1210 1206; x_wconf 75' lang='lat' dir='ltr'><strong>quo</strong></span> <span class='ocrx_word' id='word_1_173' title='bbox 1222 1165 1240 1195; x_wconf 79' lang='lat' dir='ltr'><strong>e</strong></span> <span class='ocrx_word' id='word_1_174' title='bbox 1254 1175 1336 1196; x_wconf 86' lang='lat' dir='ltr'><strong>nau·</strong></span> 
     </span>
     <span class='ocr_line' id='line_1_41' title="bbox 750 1213 1336 1256; baseline -0.003 -11"><span class='ocrx_word' id='word_1_175' title='bbox 750 1214 855 1256; x_wconf 83' lang='lat' dir='ltr'><strong>fragio</strong></span> <span class='ocrx_word' id='word_1_176' title='bbox 875 1214 1011 1252; x_wconf 84' lang='lat' dir='ltr'><strong>servati,</strong></span> <span class='ocrx_word' id='word_1_177' title='bbox 1034 1219 1111 1244; x_wconf 86' lang='lat' dir='ltr'><strong>vota</strong></span> <span class='ocrx_word' id='word_1_178' title='bbox 1128 1213 1191 1244; x_wconf 78' lang='lat' dir='ltr'><strong>diis</strong></span> <span class='ocrx_word' id='word_1_179' title='bbox 1206 1214 1241 1245; x_wconf 90' lang='lat' dir='ltr'><strong>in</strong></span> <span class='ocrx_word' id='word_1_180' title='bbox 1263 1214 1336 1255; x_wconf 88' lang='lat' dir='ltr'><strong>ipso</strong></span> 
     </span>
     <span class='ocr_line' id='line_1_42' title="bbox 751 1260 1338 1304; baseline -0.002 -12"><span class='ocrx_word' id='word_1_181' title='bbox 751 1262 911 1304; x_wconf 85' lang='lat' dir='ltr'><strong>naufragii</strong></span> <span class='ocrx_word' id='word_1_182' title='bbox 935 1261 1083 1303; x_wconf 86' lang='lat' dir='ltr'><strong>periculo</strong></span> <span class='ocrx_word' id='word_1_183' title='bbox 1106 1260 1190 1292; x_wconf 82' lang='lat' dir='ltr'><strong>facta</strong></span> <span class='ocrx_word' id='word_1_184' title='bbox 1212 1262 1338 1303; x_wconf 89' lang='lat' dir='ltr'><strong>persol-</strong></span> 
     </span>
     <span class='ocr_line' id='line_1_43' title="bbox 750 1308 1335 1351; baseline -0.002 -11"><span class='ocrx_word' id='word_1_185' title='bbox 750 1309 889 1348; x_wconf 86' lang='lat' dir='ltr'><strong>vebant,</strong></span> <span class='ocrx_word' id='word_1_186' title='bbox 903 1309 1113 1351; x_wconf 86' lang='lat' dir='ltr'><strong>tabulamque</strong></span> <span class='ocrx_word' id='word_1_187' title='bbox 1135 1319 1210 1350; x_wconf 88' lang='lat' dir='ltr'><strong>quae</strong></span> <span class='ocrx_word' id='word_1_188' title='bbox 1236 1308 1335 1349; x_wconf 84' lang='lat' dir='ltr'><strong>hujus</strong></span> 
     </span>
     <span class='ocr_line' id='line_1_44' title="bbox 750 1358 1335 1398; baseline -0.002 -10"><span class='ocrx_word' id='word_1_189' title='bbox 750 1359 797 1388; x_wconf 87' lang='lat' dir='ltr'><strong>rei</strong></span> <span class='ocrx_word' id='word_1_190' title='bbox 812 1358 1001 1398; x_wconf 83' lang='lat' dir='ltr'><strong>memoriam</strong></span> <span class='ocrx_word' id='word_1_191' title='bbox 1013 1364 1157 1387; x_wconf 84' lang='lat' dir='ltr'><strong>servaret</strong></span> <span class='ocrx_word' id='word_1_192' title='bbox 1173 1365 1249 1387; x_wconf 86' lang='lat' dir='ltr'><strong>cum</strong></span> <span class='ocrx_word' id='word_1_193' title='bbox 1266 1367 1335 1387; x_wconf 86' lang='lat' dir='ltr'><strong>ves-</strong></span> 
     </span>
     <span class='ocr_line' id='line_1_45' title="bbox 749 1404 1335 1446; baseline -0.002 -11"><span class='ocrx_word' id='word_1_194' title='bbox 749 1404 838 1436; x_wconf 84' lang='lat' dir='ltr'><strong>tibus</strong></span> <span class='ocrx_word' id='word_1_195' title='bbox 849 1404 1048 1446; x_wconf 85' lang='lat' dir='ltr'><strong>quibuscum</strong></span> <span class='ocrx_word' id='word_1_196' title='bbox 1060 1411 1241 1435; x_wconf 79' lang='lat' dir='ltr'><strong>enatassent</strong></span> <span class='ocrx_word' id='word_1_197' title='bbox 1254 1411 1335 1435; x_wconf 89' lang='lat' dir='ltr'><strong>tem-</strong></span> 
     </span>
     <span class='ocr_line' id='line_1_46' title="bbox 750 1450 1336 1494; baseline -0.002 -11"><span class='ocrx_word' id='word_1_198' title='bbox 750 1452 798 1494; x_wconf 88' lang='lat' dir='ltr'><strong>pli</strong></span> <span class='ocrx_word' id='word_1_199' title='bbox 834 1453 1013 1494; x_wconf 85' lang='lat' dir='ltr'><strong>parietibus</strong></span> <span class='ocrx_word' id='word_1_200' title='bbox 1046 1450 1224 1494; x_wconf 84' lang='lat' dir='ltr'><strong>affigebant</strong></span> <span class='ocrx_word' id='word_1_201' title='bbox 1238 1463 1247 1490; x_wconf 83' lang='lat'><em>3</em></span> <span class='ocrx_word' id='word_1_202' title='bbox 1277 1453 1336 1494; x_wconf 81' lang='lat' dir='ltr'><strong>qui</strong></span> 
     </span>
     <span class='ocr_line' id='line_1_47' title="bbox 750 1498 1334 1531; baseline 0.002 -1"><span class='ocrx_word' id='word_1_203' title='bbox 750 1510 821 1531; x_wconf 90' lang='lat' dir='ltr'><strong>mos</strong></span> <span class='ocrx_word' id='word_1_204' title='bbox 833 1501 870 1530; x_wconf 88' lang='lat' dir='ltr'><strong>in</strong></span> <span class='ocrx_word' id='word_1_205' title='bbox 882 1501 963 1530; x_wconf 86' lang='lat' dir='ltr'><strong>ritus</strong></span> <span class='ocrx_word' id='word_1_206' title='bbox 983 1498 1175 1530; x_wconf 81' lang='lat' dir='ltr'><strong>christianos</strong></span> <span class='ocrx_word' id='word_1_207' title='bbox 1185 1498 1334 1531; x_wconf 79' lang='lat' dir='ltr'><strong>defluxit.</strong></span> 
     </span>
     <span class='ocr_line' id='line_1_48' title="bbox 750 1545 1336 1589; baseline 0.002 -12"><span class='ocrx_word' id='word_1_208' title='bbox 750 1547 864 1577; x_wconf 87' lang='lat' dir='ltr'><strong>Innuit</strong></span> <span class='ocrx_word' id='word_1_209' title='bbox 883 1554 990 1578; x_wconf 86' lang='lat' dir='ltr'><strong>antem</strong></span> <span class='ocrx_word' id='word_1_210' title='bbox 1005 1554 1038 1577; x_wconf 84' lang='lat' dir='ltr'><strong>se</strong></span> <span class='ocrx_word' id='word_1_211' title='bbox 1052 1545 1114 1577; x_wconf 86' lang='lat' dir='ltr'><strong>diis</strong></span> <span class='ocrx_word' id='word_1_212' title='bbox 1131 1548 1265 1589; x_wconf 85' lang='lat' dir='ltr'><strong>gratiam</strong></span> <span class='ocrx_word' id='word_1_213' title='bbox 1279 1547 1336 1578; x_wconf 90' lang='lat' dir='ltr'><strong>ha-</strong></span> 
     </span>
     <span class='ocr_line' id='line_1_49' title="bbox 749 1593 1335 1637; baseline 0.003 -13"><span class='ocrx_word' id='word_1_214' title='bbox 749 1593 845 1633; x_wconf 85' lang='lat' dir='ltr'><strong>bere,</strong></span> <span class='ocrx_word' id='word_1_215' title='bbox 865 1594 954 1636; x_wconf 75' lang='lat' dir='ltr'><strong>quod</strong></span> <span class='ocrx_word' id='word_1_216' title='bbox 976 1594 1261 1637; x_wconf 78' lang='lat' dir='ltr'><strong>periculosissimis</strong></span> <span class='ocrx_word' id='word_1_217' title='bbox 1285 1595 1335 1626; x_wconf 86' lang='lat' dir='ltr'><strong>in-</strong></span> 
     </span>
     <span class='ocr_line' id='line_1_50' title="bbox 747 1642 1334 1684; baseline 0 -11"><span class='ocrx_word' id='word_1_218' title='bbox 747 1642 1017 1673; x_wconf 76' lang='lat' dir='ltr'><strong>constantissimae</strong></span> <span class='ocrx_word' id='word_1_219' title='bbox 1042 1643 1168 1673; x_wconf 77' lang='lat' dir='ltr'><strong>amasiae</strong></span> <span class='ocrx_word' id='word_1_220' title='bbox 1190 1643 1334 1684; x_wconf 81' lang='lat' dir='ltr'><strong>laqueis,</strong></span> 
     </span>
     <span class='ocr_line' id='line_1_51' title="bbox 748 1689 1339 1734; baseline 0.003 -14"><span class='ocrx_word' id='word_1_221' title='bbox 748 1689 903 1732; x_wconf 76' lang='lat' dir='ltr'><strong>tanquam</strong></span> <span class='ocrx_word' id='word_1_222' title='bbox 918 1690 936 1721; x_wconf 74' lang='grc' dir='ltr'>ὲ</span> <span class='ocrx_word' id='word_1_223' title='bbox 948 1690 1134 1734; x_wconf 81' lang='lat' dir='ltr'><strong>naufragio,</strong></span> <span class='ocrx_word' id='word_1_224' title='bbox 1153 1700 1249 1722; x_wconf 87' lang='lat' dir='ltr'><strong>sanus</strong></span> <span class='ocrx_word' id='word_1_225' title='bbox 1265 1701 1339 1722; x_wconf 83' lang='lat' dir='ltr'><strong>eva·</strong></span> 
     </span>
     <span class='ocr_line' id='line_1_52' title="bbox 747 1738 834 1769; baseline 0.011 -1"><span class='ocrx_word' id='word_1_226' title='bbox 747 1738 834 1769; x_wconf 84' lang='lat' dir='ltr'><strong>serit.</strong></span> 
     </span>
    </p>
   </div>
  </div>
 </body>
</html>
