1456 2508
535 102 614 133 ΠΒ.
639 100 689 131 ΙΙΙ
713 99 803 132 ODE
824 99 869 130 X.

1248 97 1316 139 269

200 165 324 205 Audis
343 177 423 216 quo
442 164 608 216 strepitu
621 162 760 214 janua,
779 172 858 211 quo
877 172 1013 198 nemus
1304 168 1318 192 5

201 229 310 265 Inter
330 225 465 277 pulcra
482 233 608 263 satum
629 246 643 260 α
663 230 764 261 tecta
779 220 971 272 remugiat

202 286 352 335 Ventis,
373 294 412 325 et
430 286 575 338 positas
595 293 639 323 ut
659 284 796 336 glaciet
814 283 923 321 nives

413 349 516 384 Puro
534 345 692 384 numine
707 344 886 396 Jupiter?

202 409 397 459 Ingratam
414 408 559 446 Veneri
574 419 676 458 pone
693 404 940 456 superhiam3

203 471 263 508 Ne
284 477 466 508 currente
480 467 587 508 retro
607 469 622 492 ³
643 468 744 506 funis
762 476 824 505 eat
843 469 942 505 rota.
1284 483 1315 499 ω

201 534 292 570 Non
305 539 344 571 te
362 533 580 583 Penelopen
599 530 794 569 difficilem
813 529 942 580 procis

415 594 642 646 Tyrrhenus
663 592 795 644 genuit
814 605 966 643 parens.

201 657 238 694 Ο
253 685 263 704 ,
279 655 454 707 quamvis
470 670 597 708 neque
616 665 653 694 te
670 667 850 701 munera,
869 667 941 691 nec
960 666 1094 705 preces
1105 682 1116 701 ,

199 719 282 756 Nec
298 718 439 756 tinctus
454 718 558 756 viola
577 718 700 768 pallor
717 715 927 754 amantium
945 716 974 763 4,

198 779 280 816 Nec
299 779 361 816 vir
378 779 503 816 Pieria
522 779 658 829 pellice
677 776 830 815 saucius
1282 786 1315 810 15

417 843 576 886 Curvat‚
598 837 837 890 supplicibus
858 838 933 876 tuis
951 837 965 860 5

198 902 354 948 Parcas,
373 914 444 939 nec
465 899 590 951 rigida
609 900 763 937 mollior
782 898 943 946 aesculo,

142 1029 174 1050 2.
202 1019 326 1050 Nemus
350 1019 434 1050 inter
447 1020 567 1061 pulcra
584 1026 670 1050 tecta

92 1073 198 1097 satum
217 1077 230 1096 .·
249 1066 392 1109 intellige
419 1067 609 1098 viridarium
635 1067 671 1097 in

91 1111 161 1155 ipsa
193 1112 308 1144 domus
336 1115 468 1156 porticu
490 1115 650 1146 consitum
663 1125 671 1152 ;

91 1161 150 1201 qui
162 1171 233 1192 mos
241 1161 405 1192 veteribus
419 1162 582 1192 familiaris
592 1167 668 1192 erat.

91 1207 220 1249 Nempe
229 1207 436 1239 incer-varias
445 1209 584 1240 nutritur
590 1209 669 1239 silva

91 1254 278 1293 columnas,
301 1256 534 1298 Laudaturque
554 1257 670 1286 domus

89 1301 204 1345 longos
211 1313 286 1344 qua·
288 1303 447 1345 prospicit
452 1314 559 1346 agros,
565 1305 666 1345 Epist.

91 1349 126 1388 1,
146 1360 207 1389 10,
239 1361 294 1383 22.
314 1350 399 1382 Vide
419 1362 550 1392 quoque
574 1353 666 1393 Virg.

91 1397 217 1430 AEneid.
231 1399 283 1436 11,
303 1398 367 1428 512
379 1421 388 1436 ,
402 1405 434 1428 et
448 1399 574 1429 AEneid.
590 1400 666 1437 Vll,

93 1443 148 1485 59.
163 1462 210 1468 --
222 1445 352 1476 Posicas
372 1445 458 1475 nives
470 1456 482 1475 .·
499 1438 647 1487 ap'primc'·
659 1469 668 1483 ‚

85 1490 211 1532 positas
218 1504 231 1529 ;
246 1503 314 1524 non
327 1492 475 1523 demissas
488 1492 505 1522 e
519 1493 602 1523 coelo
611 1515 620 1531 ‚
637 1500 669 1523 et

90 1538 196 1569 statim
207 1562 216 1578 ,
239 1550 298 1581 per
324 1539 520 1570 moderatam
546 1547 668 1581 tempe-

89 1586 170 1616 riem
193 1587 229 1618 in
257 1586 394 1618 fluidum
423 1587 595 1625 abeuntes3
611 1588 668 1618 sed

90 1631 187 1663 duras
197 1656 206 1672 ,
220 1633 276 1664 sed
294 1633 364 1665 solo
377 1657 386 1673 ‚
407 1644 475 1676 prae
498 1636 600 1665 nimio
615 1635 667 1664 fri-

90 1689 182 1722 gore,
205 1680 359 1711 tenaciter
395 1681 602 1712 adhaerentes.
619 1699 667 1706 -

89 1728 176 1757 Puro
186 1727 315 1758 numine
328 1728 474 1770 Jupiter:
486 1739 570 1769 puro
581 1729 666 1759 enim

88 1780 121 1804 et
133 1784 247 1806 sereno
256 1785 341 1814 aere,
358 1777 408 1806 vis
421 1775 550 1817 frigoris
562 1777 667 1807 acrior

88 1828 146 1852 esk-

138 1869 170 1899 3.
186 1869 240 1899 Ne
256 1875 402 1900 currente
417 1867 490 1900 νοτᾶ
493 1869 590 1912 funis
612 1879 668 1901 eac

88 1922 172 1946 retro
202 1926 214 1946 :
248 1926 290 1946 ne
321 1918 463 1948 Fortuna
474 1940 483 1956 ‚
502 1928 575 1958 quae
605 1918 665 1949 tibi

87 1959 178 1993 nnnc
193 1962 299 1995 favere
313 1963 457 2003 videtur,
472 1964 663 1997 retrocedat.

86 2009 271 2041 Similitudo
286 2009 382 2041 ducta
395 2018 442 2041 est
456 2010 473 2042 ἐι
489 2013 567 2042 rotis
588 2012 664 2043 fune

86 2055 308 2096 circumactis,
330 2069 397 2099 quo
427 2066 542 2100 rupto,
561 2059 661 2090 moles

86 2112 160 2145 qnae
177 2107 235 2146 per
251 2104 430 2136 machinam
449 2107 528 2136 rotis
545 2106 596 2137 ilis
611 2107 660 2136 in-

84 2156 238 2182 structam
253 2152 290 2182 in
306 2151 407 2183 altum
423 2152 641 2183 evehebantur
652 2177 661 2192 ‚

83 2199 244 2240 praecipiti
254 2198 348 2240 lapsu
357 2206 527 2231 corruunt.
537 2202 662 2232 -Νοη

83 2250 117 2275 te
145 2246 332 2288 Penelopen
348 2257 361 2278 ,·
378 2254 414 2278 tu
438 2258 508 2280 nou
530 2259 580 2288 es,
595 2259 664 2282 non

724 1025 816 1060 potes
833 1029 899 1049 esse
915 1018 1013 1049 altera
1029 1019 1207 1061 Penelope,
1224 1031 1309 1052 aman

724 1065 852 1097 toribus
871 1066 954 1104 tuis,
967 1065 1056 1095 illius
1073 1067 1239 1109 exemplo,
1260 1079 1308 1099 as-

723 1124 799 1154 pera
814 1119 845 1143 et
855 1111 1013 1151 difficilis,
1023 1113 1145 1154 qnippe
1157 1125 1231 1156 quae
1244 1117 1309 1146 ori-

723 1161 832 1202 ginem
854 1159 951 1190 ducas
970 1159 987 1190 a
1010 1161 1200 1201 parentibus
1222 1164 1307 1205 Tyr-

723 1207 842 1238 rhenis.
866 1207 962 1238 Unde
984 1207 1219 1249 Tyrrheniam,
1239 1210 1307 1242 sive

722 1255 886 1285 Etruriam
896 1277 905 1292 ‚
921 1255 1067 1296 pristinae
1082 1266 1211 1286 morum
1230 1258 1306 1288 sim-

721 1302 874 1343 plicitatis
901 1301 1055 1340 oblitam,
1085 1313 1161 1334 cum
1188 1305 1306 1336 artium

721 1348 877 1391 elegantia
896 1349 1133 1380 commodiores
1144 1373 1152 1388 ,
1168 1351 1237 1382 imo
1273 1359 1306 1383 et

720 1396 904 1427 lasciviores
929 1407 1034 1427 mores
1051 1397 1196 1429 induisse
1219 1399 1306 1430 recte

724 1444 871 1486 colligas,
891 1444 981 1485 quod
994 1444 1125 1477 aliunde
1140 1445 1213 1476 satis
1227 1456 1305 1478 con-

722 1498 804 1530 stat3
823 1491 898 1521 vide
913 1490 1106 1522 Athaeneum
1117 1515 1126 1529 ‚
1139 1494 1207 1523 XII
1216 1515 1226 1531 ,
1249 1495 1280 1526 3.

772 1545 802 1575 4.
823 1539 894 1568 Nec
928 1539 1046 1569 tinctus
1075 1537 1172 1569 viold
1194 1541 1308 1581 pallor

721 1585 904 1616 amantium
920 1597 933 1616 .·
954 1586 1096 1625 Plinius,
1116 1586 1174 1618 lib.
1202 1590 1304 1628 XXI,

723 1633 764 1670 6,
780 1632 880 1663 violas
909 1634 970 1669 ait,
992 1633 1069 1663 alias
1093 1644 1159 1664 esse
1182 1645 1305 1677 purpu-
1351 1656 1356 1661 ·

720 1690 807 1718 reas,
836 1680 911 1711 alias
947 1679 1064 1719 luteas,
1085 1680 1161 1711 alias
1193 1682 1302 1722 albas3

721 1727 760 1757 ad
806 1727 894 1757 albas
921 1727 1090 1768 pallentes
1126 1729 1303 1762 referendae

720 1781 807 1805 sunt.
819 1792 867 1798 -—
881 1775 952 1805 Nec
972 1774 1030 1805 'vir
1051 1773 1161 1806 Pieria
1181 1777 1303 1817 pellice

720 1821 848 1852 saucius
863 1833 875 1852 .·
893 1822 977 1852 nihil
996 1822 1094 1864 magis
1122 1830 1234 1865 aptum
1262 1826 1303 1856 ad

719 1870 829 1910 Lycen
842 1867 859 1899 a
869 1867 934 1900 fide
943 1870 1081 1911 nuptiali
1094 1871 1300 1912 avocandam,

719 1915 816 1956 quam
831 1917 858 1946 si
878 1917 940 1958 ipsi
955 1919 990 1947 in
1003 1919 1196 1948 memoriam
1211 1930 1303 1951 revo-

720 1970 770 1993 cet
791 1963 909 1994 infidos
924 1965 1025 2006 ipsius
1040 1966 1147 1995 mariti
1164 1975 1303 1999 amores.

718 2028 764 2034 -—
783 2010 899 2042 Curvae
911 2022 922 2041 :
937 2013 974 2042 in
989 2022 1130 2042 amorem
1146 2012 1211 2044 mei
1222 2013 1300 2045 flec-

720 2058 769 2089 tit.

764 2105 795 2136 5.
834 2104 1034 2146 Supplicibus
1058 2105 1119 2136 tuis
1138 2117 1149 2135 .·
1175 2107 1300 2148 plurale

715 2162 778 2193 pro
798 2153 916 2194 singul.
934 2152 1075 2194 supplici
1087 2160 1152 2185 tuo.
1167 2171 1214 2178 ——-
1228 2156 1301 2186 Nec

717 2197 826 2242 rigida
855 2198 985 2230 mollior
1006 2200 1124 2231 oesculo
1145 2211 1157 2230 :
1181 2212 1254 2243 quae
1269 2209 1300 2234 te

718 2245 809 2278 nunc
831 2253 962 2290 praestas
986 2258 1110 2289 quercu
1128 2247 1299 2281 durissima

1100 2302 1168 2340 23*
