1456 2508
230 0 348 19 &vr-tum
370 0 374 3 ·

272 23 278 30 κ

511 123 592 156 Lm.
617 122 634 154 1
657 122 746 155 onE
768 121 814 154 x.
1233 116 1273 156 ⁵7

160 185 216 223 Te
235 195 389 231 canam,
409 182 538 234 magni
555 181 663 221 Jovis
682 188 721 219 et
739 183 915 219 Deorum
1260 182 1275 207 5

159 243 368 292 Nuntium,
383 257 592 296 curvaeque
603 244 699 294 lyrae
717 249 918 294 parentem
935 236 969 286 ³3

163 305 373 354 Callidum,
393 305 580 357 quicquid
599 304 762 357 placuit,
776 303 913 355 jocoso

513 367 689 406 Condere
708 367 826 404 furto.

165 431 240 477 Te,
259 429 380 468 boves
399 428 492 467 olim
509 427 526 458 4
541 426 616 467 nisi
634 426 869 466 reddidisses

165 493 238 529 Per
257 490 389 530 dolum
409 500 573 540 amotas,
593 502 759 542 puerum
776 487 918 526 minaci
1247 498 1277 515 ι·

167 555 271 592 Voce
289 553 381 592 dum
400 561 537 600 terret,
556 553 699 591 viduus
719 551 904 603 pharetra

512 613 612 652 Risit
630 613 783 665 Apollo.

167 675 271 723 Quin
291 685 329 714 et
347 675 503 714 Atridas
522 675 550 723 ⁵,
571 675 669 713 duce
690 683 747 722 te,
768 671 977 725 superbos,

164 737 237 775 Ilio
252 737 360 775 dives
379 737 554 775 Priamus
573 737 729 784 relicto,

162 797 444 850 Thessalosque
463 799 570 851 ignes
589 798 604 821 ⁶
624 807 662 836 et
682 797 815 848 iniqua
833 794 960 847 Trojae
1245 798 1274 823 ¹⁵

513 861 647 898 Castra
667 858 813 896 fefellit.

164 922 225 958 Tu
247 920 330 971 pias
347 920 444 959 laetis
464 920 608 959 animas
629 919 785 972 reponis

165 980 330 1021 Sedibus
351 989 377 1030 7,
395 981 583 1035 virgaque
602 983 728 1022 levem
749 992 904 1019 coerces

109 1138 142 1171 3.
159 1139 332 1182 Curvaeque
345 1138 425 1180 Iyrae
435 1147 610 1181 parentem
626 1151 638 1170 .·

54 1187 262 1220 inventorem
284 1187 381 1230 lyrae,
404 1197 561 1218 convexae
584 1198 639 1218 au-

59 1234 158 1278 gendi
171 1235 244 1266 soni
255 1233 366 1278 gratia.
382 1253 430 1258 —
442 1237 559 1265 Jocoso
565 1234 640 1277 ficr-

58 1290 91 1314 to
104 1294 116 1313 .·
136 1283 306 1314 innocenti
326 1282 430 1321 furto,
451 1282 576 1313 nullam
595 1282 639 1313 ob

59 1330 154 1362 aliam
174 1340 301 1362 causam
325 1336 466 1368 tentato,
484 1329 582 1371 quam
601 1337 639 1360 ut

58 1379 162 1409 risum
196 1384 342 1410 moveret
355 1400 364 1415 ,
396 1384 429 1408 et
455 1377 638 1408 calliditatis

58 1435 126 1457 snae
143 1425 262 1457 faceret
277 1425 549 1467 experimentum.

59 1503 67 1513 ,
108 1478 142 1511 4.
166 1474 211 1504 Te
233 1472 326 1503 boves
349 1471 427 1503 olim
437 1484 451 1510 ;
468 1483 537 1503 rem
557 1472 639 1504 duo-

58 1519 130 1561 bug·
153 1519 309 1562 exemplis
333 1520 422 1551 illico
448 1518 638 1558 confirmat;

40 1567 119 1607 ,vix
139 1567 244 1600 tribus
261 1567 376 1598 diebus
401 1574 513 1606 natus,
537 1568 638 1599 boves

60 1614 103 1646 ab
125 1614 265 1648 Admeto
287 1615 436 1657 Apollini
456 1617 639 1647 commissas

60 1669 223 1696 amoverat
235 1663 435 1702 Mercurius3
446 1663 567 1704 Apollo
581 1665 638 1694 ira-

54 1716 114 1742 111⁵
131 1721 236 1753 puero
257 1711 419 1749 minatur,
441 1720 502 1741 nec
528 1710 546 1741 a
571 1712 639 1742 risu

61 1763 170 1789 tamen
183 1765 360 1800 temperare
374 1764 497 1799 potest,
513 1756 589 1790 cum
603 1759 639 1789 in

58 1805 132 1848 ipso
153 1811 334 1844 momento,
360 1815 393 1835 se
417 1804 566 1846 pharetra
590 1807 638 1837 vi-

61 1851 180 1892 duum,
203 1853 240 1883 id
262 1858 310 1883 est
331 1853 512 1894 privatum,
542 1854 640 1884 sentit

59 1899 101 1931 ab
127 1899 241 1932 eodem
263 1900 447 1939 Mercurio,
466 1910 564 1941 quam
585 1900 639 1932 ille

59 1946 145 1978 nihil
157 1947 350 1990 intelligenti
361 1947 567 1979 solertissime
583 1947 623 1979 de
631 1967 639 1973 -

59 2001 213 2026 traxerat.
233 1994 301 2027 vid.
318 1997 450 2027 Homer.
465 1997 589 2038 Hymn.
602 1997 639 2027 in

60 2043 166 2074 Mero.
184 2052 237 2083 19.

109 2090 142 2121 5.
155 2089 240 2132 Quia
257 2097 290 2121 ee
302 2088 435 2121 Atridas
447 2101 458 2120 :
472 2090 638 2132 Agamem-

58 2147 180 2170 nonem
191 2143 224 2168 et
238 2137 424 2168 Menelaum
436 2138 493 2178 qui
510 2140 638 2170 Priamo

58 2195 183 2217 moram
207 2184 321 2216 afferre
348 2185 544 2226 potuissent,
571 2188 638 2229 regi

54 2233 202 2274 *Trojano
217 2232 260 2263 oh
278 2232 401 2264 Paridis
417 2233 484 2272 ejus
498 2231 558 2264 filii
571 2234 638 2265 cul-

57 2289 148 2322 pam,
161 2279 215 2313 vel
227 2286 302 2324 post
317 2286 457 2312 mortem
469 2281 635 2323 Hectoris,

692 1138 912 1170 infensissimi.
938 1147 967 1168 v.
999 1136 1216 1167 narrationem
1236 1134 1274 1165 11.

693 1197 718 1217 ω
729 1210 738 1225 ,
757 1186 835 1217 336.
850 1203 897 1209 -
912 1184 1009 1216 Dives
1025 1182 1175 1215 Priamus
1191 1194 1202 1213 .·
1214 1184 1272 1225 qni

692 1244 840 1276 magnam
858 1234 926 1264 vim
944 1233 1033 1271 auri,
1050 1231 1091 1262 ad
1114 1231 1274 1262 redimen-

693 1281 772 1312 dum
789 1282 938 1312 Hectoris
951 1290 1089 1322 corpus,
1110 1289 1210 1310 curru
1227 1289 1275 1310 se-

694 1339 769 1360 cum
785 1334 1014 1370 asportaverat.

742 1377 774 1408 6.
802 1375 971 1407 Thessalos
986 1374 1079 1418 ignes
1092 1385 1104 1405 .·
1121 1374 1275 1405 excubias

694 1435 767 1466 quae
795 1423 869 1454 ante
900 1423 1038 1455 Achillis
1066 1423 1204 1453 tentoria
1236 1422 1275 1452 ad

691 1473 820 1514 ignium
831 1478 1072 1502 nocturnorum
1083 1470 1190 1501 lucem
1207 1480 1278 1512 age-

692 1519 824 1550 bantur.
848 1536 896 1543 —-
914 1517 1068 1560 Fefellic:
1093 1519 1138 1548 sic
1161 1517 1275 1556 latuit,

692 1574 730 1597 ut
742 1565 760 1596 ἐι
777 1567 906 1598 nemine
928 1566 1095 1609 cognitm,
1115 1575 1151 1596 ac
1165 1576 1207 1596 ne
1229 1566 1276 1596 vi-

692 1624 746 1644 sus
761 1614 892 1656 quidem
906 1614 1015 1646 fuerit.

743 1673 774 1701 7.
794 1664 841 1692 Τιι
852 1662 928 1703 pias
943 1661 1026 1694 laeeis
1042 1660 1174 1693 animas
1188 1671 1276 1704 repo-

694 1708 744 1739 nis
759 1709 885 1740 sedibus
901 1721 912 1741 .·
931 1717 969 1741 tu
992 1709 1126 1741 deducis
1141 1708 1180 1740 ad
1198 1708 1275 1740 bea-

694 1763 741 1788 tas
762 1757 852 1788 sedes
874 1759 1007 1800 piorum
1030 1758 1161 1789 animas.
1179 1756 1276 1793 Unde

693 1803 711 1834 a
743 1805 865 1836 Graecis
901 1806 1019 1848 passim
1056 1802 1254 1850 ψυχαγωγὸς
1265 1828 1274 1843 ,

692 1853 870 1898 πομπαῖος,
888 1853 1130 1885 nominabatur.
1145 1871 1193 1876 —
1209 1852 1278 1883 Vir·

689 1899 819 1943 gdque,
841 1900 1002 1940 caduceo,
1025 1902 1082 1944 qui
1102 1901 1276 1943 proprium

693 1955 762 1980 erat
781 1949 950 1981 Mercurio
974 1956 1141 1991 sceptrum
1165 1956 1198 1980 et
1225 1948 1275 1980 in-

690 1998 791 2039 signe.
806 1996 885 2035 Hic,
902 2007 959 2035 eo,
976 1995 1129 2038 tanquam
1145 2003 1273 2039 pastor,

691 2044 778 2086 pedo
794 2045 910 2083 utitur,
928 2043 969 2074 ad
986 2044 1221 2082 coercendum,
1240 2043 1275 2074 id

691 2099 754 2130 est,
770 2091 809 2122 ad
827 2091 1003 2134 agendum,
1018 2091 1060 2132 ad
1076 2092 1274 2134 compellen-

692 2138 793 2169 dum
783 2151 819 2170 in
831 2151 935 2171 unum
947 2115 1070 2170 levium
1084 2140 1273 2170 umbrarum

691 2198 831 2240 gregem.
846 2205 895 2212 —
909 2186 1039 2228 Superis
1055 2187 1187 2218 deorum
1198 2196 1275 2231 gra-

692 2242 742 2265 tus
761 2242 793 2265 et
814 2235 906 2272 imts;
931 2235 1005 2265 coeli
1028 2245 1114 2266 enun
1137 2234 1198 2266 diis
1224 2236 1274 2265 in-

690 2283 806 2322 servit,
826 2282 904 2315 dum
927 2293 984 2315 eoi
987 2293 1043 2314 um
1068 2283 1172 2324 jussa,
1192 2281 1276 2314 celer
