1416 2508
539 102 823 144 PRAEFATlo.
1203 121 1280 146 xln

56 191 238 235 filerunt
255 187 391 233 critici
413 197 638 247 poetaeque
666 184 826 245 gallici3
849 184 970 244 quod
999 188 1075 245 qui
1097 202 1280 233 noscere

57 258 162 303 velit
170 289 183 313 ,
198 255 324 300 adeat
332 255 469 299 libros
481 257 507 298 a
516 253 804 298 celeberrimis
817 253 1069 297 rhetoribus
1075 256 1257 299 Batteux
1266 289 1278 311 ,

57 326 268 386 Lahmpe,
283 323 560 378 Marmontel,
576 322 709 366 titulis
728 323 1011 381 sequentibus
1020 323 1272 383 inscriptos:

11 402 15 404 “
57 396 274 454 Principes
287 394 341 436 de
352 390 600 446 litterature,
616 390 746 434 Cours
759 391 812 432 de
826 389 1076 445 litterature,
1085 393 1126 435 E
1128 391 1280 436 le'mens

57 463 111 505 de
131 460 390 518 litterature,
408 473 451 507 et
477 461 524 504 in
542 461 797 504 memoriam
819 471 997 504 revocet
1012 473 1160 504 versus
1183 461 1276 505 illos

62 531 270 575 Gressetii
284 532 330 574 in
346 529 531 590 eleganti
545 529 756 584 carmine,
773 529 841 571 La
857 527 1106 572 Chartreuse
1126 544 1135 570 :

337 670 459 707 'ramat
476 670 518 703 de
530 670 633 703 l'azur
647 670 727 703 d'un
741 682 846 714 nuage

338 729 416 762 Plus
431 727 565 760 brillant
578 737 642 770 que
654 726 701 759 les
713 726 787 769 plus
801 727 1024 768 heauxjours‚

335 786 358 816 J
359 795 377 816 e
392 784 462 815 vois
477 783 574 814 sortir
589 780 727 813 l’ombre
745 782 858 825 volage

336 837 554 872 D'Anaereon
564 859 574 877 ,
589 847 626 869 ce
642 836 756 869 tendre
768 849 842 880 sage
852 862 861 876 ,

337 897 382 928 Le
395 895 514 928 Nestor
528 892 573 925 du
589 893 698 937 galant
710 894 821 936 rivage
832 917 841 933 ,
1027 890 1062 916 ⁴³

336 953 380 983 Le
392 950 574 993 patriarche
588 949 644 982 des
657 960 799 982 amour-s.

338 997 433 1049 *Epi-is
445 1005 487 1038 de
504 1016 566 1038 son
578 1004 670 1037 doux
683 1004 843 1048 badinage
853 1029 863 1044 ,

337 1063 465 1094 Horace
481 1066 614 1093 accourt
627 1059 645 1093 ὲ
659 1071 707 1093 ses
722 1070 854 1098 aecem,

338 1118 486 1157 Horace,
503 1116 591 1148 l’ami
606 1116 652 1148 dn
668 1116 738 1148 bon
751 1127 823 1148 sens
834 1138 844 1155 ‚

339 1171 538 1214 Philosophe
556 1182 630 1203 sans
648 1171 816 1214 verbiage‚

339 1229 383 1261 Et
395 1230 492 1272 poete
507 1238 580 1260 sans
591 1225 664 1260 fade
677 1237 807 1259 emens,

114 1352 257 1408 Quam
273 1349 648 1405 sincerum‚quam
667 1359 840 1404 aequum
855 1345 900 1388 in
920 1343 1094 1387 duobus
1119 1355 1285 1403 postre-

57 1419 138 1463 mis
158 1415 380 1462 versiculis
403 1414 574 1458 Horatii
605 1414 895 1472 praeconium,
913 1428 1003 1471 quo
1034 1426 1126 1455 non
1155 1411 1283 1468 alter,

58 1488 94 1531 si
129 1485 186 1530 ad
217 1499 396 1546 graecam
423 1483 662 1542 praesertim
694 1480 987 1540 prolixitatem
1013 1478 1283 1536 attendatur,

57 1553 364 1615 philosophica
386 1561 640 1610 argumenta
660 1548 867 1592 strictiori
891 1547 1105 1592 brevitate
1123 1558 1284 1591 tracta-

59 1622 141 1676 vit,
162 1620 368 1664 laudesve
395 1617 620 1661 coaetaneis
641 1618 730 1660 suis
756 1617 817 1659 ita
838 1615 1084 1675 impertitus
1107 1625 1192 1671 est,
1210 1627 1285 1671 ut,

61 1689 231 1749 quoties
247 1689 272 1732 e
287 1688 398 1748 grati
415 1685 548 1730 animi
567 1685 776 1729 memoria
790 1683 1008 1742 profectas
1025 1697 1096 1725 eas
1107 1715 1119 1737 ,
1137 1697 1287 1741 accep-

58 1769 294 1815 torumque
310 1754 625 1799 beneficiorum
640 1751 885 1796 mercedem
904 1750 1183 1806 judicaveris,
1199 1750 1286 1793 fac-

61 1825 114 1867 tis
140 1825 284 1867 tamen
303 1823 563 1882 approbatas
595 1833 638 1864 et
658 1832 758 1864 cum
777 1819 951 1879 publica
966 1817 1151 1861 utilitate
1177 1833 1284 1860 con—

60 1891 214 1936 cordes
229 1890 396 1950 cogaris
414 1889 631 1933 confiteri!

120 1960 248 2003 Extat
277 1957 502 2001 notissima
538 1955 723 2000 Voltarii
757 1953 812 1997 ad
840 1952 1072 1996 Horatium
1099 1953 1284 2013 epistola

63 2044 217 2089 quam,
236 2023 606 2087 quemadmodi'im
640 2022 695 2065 de
719 2022 903 2066 Horatio
930 2036 1109 2065 severus
1143 2021 1285 2077 Quin-

43 2096 237 2156 ‚tilianus
264 2092 497 2148 sentiebat,
531 2094 577 2135 in
604 2089 870 2151 quibusdam
895 2100 971 2132 aut
995 2088 1284 2132 transcribere

63 2174 140 2206 aut
167 2161 444 2221 interpretari
466 2160 639 2204 nollem.
664 2159 810 2202 Liceat
844 2157 993 2202 saltem
1015 2156 1284 2215 subsequen·

64 2229 379 2275 tiaadducere:

277 2319 312 2355 Ι.
1105 2310 1127 2344 b
