1404 2482
187 121 250 151 328

578 126 619 165 Q.
644 123 826 155 HORATII
850 124 1000 158 FLAGCI

289 195 303 211 «
321 181 533 229 Antequiim
553 182 674 232 turpis
693 182 830 220 macies
849 183 1024 221 decentes

290 255 304 270 «
325 239 497 288 Occupet
516 241 630 278 malas
653 240 698 288 ¹3,
719 250 933 291 teneraeque
949 255 1082 280 succus

290 314 305 330 α
324 299 474 336 Defluat
493 300 630 349 praedae
641 330 651 348 ,
671 301 841 351 speciosa
856 314 986 351 quaero
1342 311 1373 335 1⁵

472 376 487 393 «
501 362 658 397 Pascere
675 361 800 410 tigres.

292 434 307 450 «
326 417 419 454 Vilis
439 420 610 469 Europe!
628 429 737 470 pater
757 429 865 470 urget
882 419 1016 458 absens
1035 422 1086 455 ¹⁴:

290 492 304 508 α
325 476 427 522 Quid
449 477 545 514 mori
560 482 705 516 cessas?
722 489 828 529 potes
848 480 919 516 hzic
937 479 985 516 ab
1001 491 1098 517 orno

289 552 303 569 «
320 536 545 584 Pendulum‚
566 541 660 576 zona
681 539 778 577 bene
799 548 834 577 te
851 542 980 577 secuta
1000 539 1043 586 ¹⁵,

473 615 488 631 «
508 598 663 636 Laedere
682 601 831 638 collum.
1341 611 1373 634 ⁶⁰

289 673 303 689 «
324 657 412 694 Sive
432 666 468 694 te
488 671 600 708 rupes
622 660 649 683 ¹⁶
664 668 701 697 et
715 669 824 698 acuta
843 661 946 698 letho

292 732 306 747 «
324 718 422 753 Saxa
442 716 646 765 delectant,
666 732 756 769 age,
779 730 816 758 te
834 720 1009 770 procellae

290 792 305 808 α
325 776 444 813 Crede
461 778 601 826 veloci;
618 779 691 817 nisi
707 779 827 817 herile
845 782 964 818 mavis
1043 782 1046 784 ’

476 853 491 869 «
513 839 676 888 Carpere
692 852 849 889 pensum
867 847 909 887 ι7,

291 911 306 926 «
325 895 464 945 Regius
481 897 651 948 sanguis,
671 898 908 948 dominaeque
927 898 1026 936 tradi
1338 909 1372 933 65

187 1070 257 1101 quae
267 1070 342 1090 cura
348 1061 484 1103 Europae
491 1061 555 1101 jem
563 1073 628 1093 esse
635 1065 754 1104 potest?

187 1106 338 1136 Vestibus
348 1114 451 1137 autem
469 1109 600 1147 abjectis
611 1131 619 1146 ‚
634 1110 753 1140 facilio-

190 1162 256 1182 rem
269 1153 560 1192 praedamleonibus
569 1155 692 1185 offeret.

239 1199 290 1228 13.
312 1198 397 1229 Ante
410 1199 508 1239 quc'zm
526 1200 623 1240 carpis
637 1201 753 1231 macies

189 1244 334 1274 decentes
361 1246 499 1285 Occupet
523 1246 627 1276 malas
643 1257 654 1276 .·
680 1247 753 1277 ante

191 1289 287 1330 quem
310 1292 422 1321 macies
449 1291 636 1322 dehonestet
658 1304 751 1334 gena-

190 1346 262 1366 rum
288 1337 571 1377 pulchritudinem.
595 1356 640 1362 —-
682 1341 756 1379 Spe-

190 1381 278 1412 ciosa
293 1393 400 1423 quoero
414 1386 550 1414 Pascere
564 1384 659 1426 tigres
668 1396 678 1415 :
688 1386 754 1415 for-

191 1439 278 1458 mosa
292 1430 450 1469 peccavit3
472 1431 608 1461 formosa
627 1431 754 1472 eulpam

193 1475 262 1504 vult
285 1475 400 1506 eluere.

239 1527 290 1556 14.
309 1521 390 1551 Vilis
415 1523 563 1563 Europe,
584 1531 684 1563 pater
708 1534 755 1553 ur-

191 1574 249 1605 get
271 1566 405 1597 absens:
426 1568 578 1598 conversa'i
596 1580 654 1610 per
673 1570 753 1599 vivi-

191 1610 263 1641 dam
293 1614 506 1654 apostrophen
532 1615 573 1644 ad.
598 1626 630 1645 se
653 1616 753 1656 ipsam

189 1659 343 1696 oratione,
354 1660 505 1690 vilitatem
514 1671 604 1691 suam
613 1660 752 1702 primum

191 1704 330 1742 incusat3
346 1705 419 1735 dein
434 1707 529 1746 patris
540 1729 548 1743 ‚
565 1706 582 1736 ὸ
598 1718 663 1748 quo
679 1718 751 1747 que-

192 1750 287 1780 relam
315 1751 476 1791 inceperat
501 1763 607 1790 snam,
633 1764 752 1783 memo-

193 1797 270 1826 n'am
288 1805 429 1835 revocat,
447 1799 502 1838 qui
521 1798 619 1829 filiam
635 1800 753 1840 alloqui

191 1843 326 1880 videtur,
341 1850 372 1872 et
382 1850 490 1883 turpes
506 1846 591 1874 necis
607 1856 709 1875 moras
725 1847 753 1876 ei

193 1889 396 1929 exprobrare.
423 1891 494 1930 Ipse
507 1892 591 1920 enim
607 1898 695 1932 pater
713 1892 752 1922 ab

191 1933 319 1975 Europa
337 1935 441 1965 audiri
463 1944 628 1974 censetur,
647 1938 753 1967 excla-

192 1988 280 2010 mans
297 1990 305 2012 :
322 1981 410 2021 Quid
416 1982 499 2012 mori
505 1993 608 2012 cessas
618 1987 635 2013 ,ἃ
648 1984 754 2013 Multo

190 2026 330 2058 vividior
352 2025 409 2057 est‘
421 2029 517 2068 patris
536 2031 653 2066 oratio,
671 2040 753 2060 mor-

193 2082 254 2104 tem
278 2072 351 2102 flliae
366 2084 429 2104 suae
444 2075 642 2115 imperantis,
657 2075 753 2115 quiim

191 2121 217 2149 si
226 2120 292 2159 ipsa
301 2141 309 2156 ,
324 2119 372 2149 his
386 2120 495 2151 iisdem
506 2121 610 2151 verbis
624 2131 656 2151 se
665 2132 751 2151 eom-

191 2165 331 2208 pelleret.

243 2211 292 2242 15.
324 2209 418 2242 Ζοηᾶ
453 2213 530 2255 bene
565 2220 595 2243 ce
618 2211 726 2244 secuta
741 2224 752 2243 .-

807 1075 900 1106 quam
934 1063 973 1095 ad
1005 1063 1092 1094 hunc
1123 1062 1246 1094 fatalem
1276 1074 1368 1096 nsunt

803 1111 888 1149 juste
906 1117 937 1141 et
952 1110 1085 1141 feliciter
1106 1117 1213 1140 tecum
1226 1110 1368 1143 attulisti.

856 1158 908 1186 16.
937 1156 1006 1185 Sive
1027 1162 1058 1186 te
1079 1165 1172 1196 rupes
1185 1165 1197 1186 .·
1221 1156 1287 1186 sive
1308 1157 1368 1187 tibi

806 1202 902 1243 magis
932 1201 1047 1232 arridet
1066 1224 1075 1239 ‚
1106 1202 1210 1242 placet
1240 1201 1365 1232 lethum

806 1259 946 1288 quaerere
957 1271 965 1285 ‚
987 1254 1016 1278 te
1033 1248 1227 1288 praecipitem
1245 1248 1367 1289 agendo

806 1295 841 1323 in
865 1305 961 1335 rupes
983 1301 1014 1323 et
1030 1303 1103 1324 saxa
1121 1294 1221 1324 acutis
1239 1295 1365 1325 vertici-

806 1339 866 1370 bus
884 1341 1071 1377 eminentia,
1088 1347 1120 1370 et
1133 1339 1206 1370 ideo
1223 1339 1262 1369 ad
1281 1350 1367 1371 mor-

808 1393 873 1416 tem
888 1386 1078 1416 afferendam
1091 1385 1226 1416 maxime
1238 1385 1364 1417 idonea.

808 1450 853 1456 -—-
863 1433 935 1474 Age
945 1439 974 1462 te
981 1431 1090 1462 veloci
1098 1432 1346 1472 credeprocelloe
1355 1443 1367 1462 .-

807 1488 878 1519 quae
897 1485 927 1508 te
941 1476 1087 1519 protinus
1103 1477 1239 1519 seopulis
1253 1474 1363 1509 illidat.

808 1524 980 1555 Procellam
994 1524 1082 1554 illice
1096 1530 1239 1554 exortam
1260 1524 1365 1562 fuisse,

807 1577 860 1600 aut
879 1570 988 1600 saltem
1011 1569 1205 1610 perturbatis
1224 1571 1366 1610 Europes

806 1616 907 1646 oculis
929 1616 1048 1646 exoriri
1078 1617 1175 1646 visam
1200 1614 1366 1647 admitten-

806 1661 883 1691 dum
901 1668 957 1692 est.
1160 1682 1163 1686 >

855 1719 906 1747 17.
931 1707 1004 1738 Nisi
1031 1707 1130 1738 herile
1162 1705 1261 1738 mdvis
1290 1707 1368 1737 Car-

803 1765 879 1794 pere
891 1765 1028 1794 pensum
1054 1765 1067 1784 .·
1083 1753 1163 1784 nihil
1189 1753 1292 1784 nobili
1309 1753 1367 1783 foe-

806 1801 900 1830 minae
915 1802 1034 1830 tristius
1061 1799 1201 1830 accidere
1225 1805 1363 1840 poterat,

807 1845 901 1887 quium
939 1846 1060 1876 servilis
1095 1845 1236 1876 conditio
1251 1855 1260 1883 3
1290 1844 1367 1875 hinc

806 1892 955 1930 Ariadne,
965 1891 1049 1933 apud
1057 1891 1164 1929 Ovid.‚
1184 1890 1365 1928 Heroid.X,

809 1938 825 1967 8
832 1949 852 1978 9
861 1949 870 1976 3
885 1939 1021 1968 Tantam
1033 1948 1073 1968 ne
1082 1936 1199 1980 religer
1206 1934 1286 1967 dard
1295 1947 1368 1977 cap-

807 1983 869 2013 tiva
887 1982 1020 2020 carenti,
1039 1985 1126 2014 Neve
1138 1982 1263 2013 trabam
1279 1980 1368 2013 serva

801 2030 944 2072 grandia
953 2040 1057 2071 pensa
1073 2039 1181 2060 marm.
1191 2045 1238 2052 -—
1251 2028 1368 2070 Regius

804 2076 934 2117 sanguis
958 2087 969 2106 :
993 2076 1150 2116 Agenoris
1164 2097 1173 2113 ,
1198 2074 1368 2106 Phoeniciae

806 2124 887 2162 regis
897 2144 906 2160 ,
918 2120 995 2152 filia.
1011 2138 1058 2145 —
1073 2121 1188 2152 Pollex
1202 2131 1214 2151 .·
1235 2119 1364 2162 proprie

807 2167 926 2198 dicitur
934 2167 1056 2208 pellex,
1077 2167 1132 2197 illa
1146 2165 1218 2208 quae
1235 2176 1309 2196 cum
1323 2165 1366 2195 al-

806 2214 903 2244 terius
920 2213 1064 2254 conjugis
1076 2214 1191 2243 marito
1204 2212 1284 2243 vivit
1295 2233 1304 2250 ,
1321 2211 1366 2242 le-
