1456 2508
499 111 578 144 LIB.
603 110 654 142 111
677 109 766 142 ODE
785 108 846 141 XI.
1216 115 1279 144 271

66 229 785 245 “mmmmmmmmmm
789 223 1279 242 mmmmsssswm

351 394 516 453 ODE
567 389 1008 451 UNDECIMA

419 547 504 592 AD
538 544 934 590 MERCURIUM.

73 707 116 738 Ut
137 705 171 737 in
194 703 339 736 carmine
354 703 564 735 antecedente
578 706 706 744 Lycen,
723 703 771 735 ita
790 702 824 735 in
839 703 911 743 hoc,
924 711 1028 746 poeta
1043 705 1176 746 Lyden,
1187 706 1282 747 puel-

117 762 186 793 lam
211 759 338 803 pariter
359 759 466 791 adhuc
492 770 642 801 asperam
671 767 704 791 et
717 759 863 801 ferocius
891 767 1075 792 amatorum
1106 760 1285 793 blanditias

117 822 332 858 respuentem,
350 815 509 847 mitiorem
524 822 558 846 et
568 814 630 845 sibi
637 814 860 856 procliviorem
875 814 1010 846 reddere
1025 815 1142 849 studet.
1156 817 1195 847 In
1208 827 1287 858 par-

119 879 166 903 tes
184 870 283 914 igitur
294 878 399 902 vocat
419 869 486 902 tam
505 870 586 909 ἔγνω
605 869 804 900 inventorem
827 869 1043 908 Morem-inm,
1065 870 1165 912 quam
1181 870 1288 913 ipsam

119 927 241 968 lyram;
266 937 504 968 enarransque,
523 925 685 967 quomode>
714 925 898 956 dulcissimo
925 925 994 968 ejus
1020 934 1119 958 cantu
1144 926 1289 968 Orpbeus

121 992 187 1013 non
200 981 302 1013 solam
317 992 419 1013 saevas
433 980 551 1012 bestias
563 979 773 1022 mitigaverit,
793 980 922 1011 arbores
940 980 1110 1019 acciverit,
1128 988 1162 1012 et
1164 982 1289 1026 fluvio·

120 1047 188 1068 mm
201 1046 327 1067 cursum
346 1035 536 1074 inhibuerit,
558 1036 619 1067 sed
637 1035 728 1077 apud
744 1034 865 1077 inferos
879 1047 1007 1078 quoque
1022 1035 1189 1068 Cerberum
1204 1037 1289 1070 adeo

117 1089 256 1126 suaviteffr
275 1091 476 1127 demulserit,
500 1098 532 1121 et
552 1090 707 1122 Ixionem
731 1090 946 1132 Titlzyumque
972 1092 1177 1130 recreaverit,
1205 1091 1291 1124 mira

120 1154 191 1178 arte
209 1146 258 1177 ad
260 1146 417 1189 fabulam
432 1145 622 1177 Danaidum
638 1146 672 1177 in
689 1145 750 1177 lzoc
767 1145 913 1178 carmine
927 1145 989 1176 sibi
1008 1147 1216 1179 tractandam
1233 1148 1290 1180 de-

120 1202 258 1240 labitur,
279 1203 388 1244 utpote
399 1202 535 1233 consilio
547 1213 604 1233 suo
620 1202 734 1242 Lyden
749 1202 791 1232 ab
804 1201 911 1232 animi
927 1201 1047 1233 duritie
1062 1202 1248 1234 deterrendi
1260 1211 1293 1235 et

119 1256 277 1289 mollioris
292 1257 399 1288 animi
413 1268 509 1288 sensu
523 1257 690 1288 imbuendi
704 1256 1088 1290 accommodatissimam.
1103 1258 1141 1289 Si
1152 1258 1224 1301 quis
1237 1269 1294 1289 au·

123 1313 187 1344 tem
203 1323 374 1343 excursum
390 1312 481 1344 illum
492 1312 659 1354 poeticum
670 1312 941 1355 exaggerationis
952 1323 1089 1356 arguere
1098 1313 1251 1352 voluerit,
1263 1321 1295 1345 et

122 1367 248 1398 nullam
263 1377 330 1398 esse
347 1366 552 1398 contenderit
576 1367 810 1398 instituendam
828 1358 1107 1410 comparationem
1128 1368 1214 1401 inter
1231 1368 1291 1398 im-

122 1432 220 1453 mane
239 1421 432 1454 Danaidum
449 1423 564 1462 scelus,
587 1431 620 1454 et
631 1422 782 1454 duritiem
792 1423 918 1464 puellae
933 1434 1007 1465 quae
1021 1422 1144 1454 amasii
1155 1421 1207 1453 sui
1219 1433 1292 1464 pre-

121 1488 174 1509 ces
197 1485 230 1509 et
242 1486 324 1509 vota
342 1478 478 1520 respuit,
497 1479 658 1510 condonet
680 1478 811 1509 amanti
833 1478 923 1520 quod
941 1478 1104 1510 crudelem
1128 1478 1290 1520 repulsam

122 1530 260 1575 infando
278 1530 430 1574 facinori
447 1533 654 1575 aequiparare
669 1544 734 1564 non
757 1533 903 1571 dubitet;
922 1533 979 1564 det
995 1532 1134 1564 veniam
1155 1539 1266 1575 poeta·
1278 1557 1290 1572 ,

120 1585 180 1628 qui
183 1585 320 1630 felicem
338 1587 486 1629 culpam,
504 1587 534 1619 si
553 1589 651 1630 culpa
676 1597 742 1627 est,
755 1588 960 1631 felicissimis
979 1588 1127 1622 versibus
1144 1588 1291 1622 redemit.

370 1676 404 1708 Si
418 1686 487 1707 non
505 1676 638 1708 eruisset
648 1699 657 1716 ,
675 1677 791 1709 fecerat
806 1677 862 1708 ille
876 1674 994 1708 minin.

184 1810 373 1846 Mucmu
394 1814 405 1860 ξ
423 1807 532 1860 (nam
552 1816 588 1846 te
609 1807 743 1845 docilis
765 1806 948 1857 magistro

186 1870 312 1908 Movit
330 1871 524 1923 Amphion
541 1870 688 1922 lapides
708 1869 925 1920 canendo),

185 1934 340 1986 Tuque,
362 1932 515 1971 testudo
527 1962 537 1981 ,
557 1945 737 1971 resonare
755 1939 902 1984 septem

424 1992 571 2032 Callida
589 1992 717 2031 nervis
729 2021 740 2040 ‚

130 2123 158 2145 1.
194 2112 336 2144 Mercuri
360 2123 371 2142 .·
402 2112 476 2144 vide
501 2119 594 2144 notas
620 2112 659 2144 de
715 2112 817 2143 tinere
835 2112 954 2154 possit,
977 2109 1136 2152 siquidem
1167 2116 1232 2141 arte
1252 2109 1294 2141 ab

79 2161 265 2199 Mercurio,
281 2170 370 2202 supr.
389 2159 452 2193 Od.
469 2162 504 2199 1,
525 2171 576 2192 10.
593 2160 656 2191 Hic
712 2170 751 2191 eo
781 2157 896 2191 tradita
930 2157 1097 2200 Amphion
1130 2156 1293 2189 Thebanae

79 2207 220 2241 ostendit
237 2213 326 2238 vates
342 2206 425 2239 nihil
438 2218 471 2239 se
493 2206 511 2238 ἐι
526 2209 657 2239 Mercu·
711 2207 793 2238 arcis
809 2205 960 2238 conditor
983 2204 1105 2247 lapides
1120 2205 1207 2247 ipsos
1222 2214 1292 2235 mo-

80 2255 133 2288 rio
148 2254 290 2299 flagitare
307 2253 396 2298 quod
410 2265 477 2288 non
491 2254 582 2286 facile
600 2254 658 2286 ob·
710 2254 811 2295 verit3
844 2253 967 2298 quanto
998 2249 1123 2284 faciliixs
1157 2250 1270 2295 Lyden
1283 2274 1292 2290 ‚
