1456 2508
516 150 595 183 Lm.
620 149 637 181 1
661 148 750 181 ODE
772 146 851 182 ΧΠ.

186 208 322 248 Gentis
339 207 518 249 humanae
535 217 647 261 pater
665 217 782 260 atque
800 215 945 255 custos,

185 271 283 310 otte
299 273 488 320 Saturno,
509 270 589 310 tihi
601 277 738 309 cura¹⁹
756 269 885 321 magni
1264 275 1295 300 ⁵0

187 333 346 372 Caesaris
365 333 453 373 fatis
469 333 577 381 data;
595 341 639 371 tu
658 332 828 371 secundo

531 395 681 433 Caesare
700 406 846 445 regnes.

187 457 274 507 Ille,
293 469 361 496 seu
378 455 539 496 Parthos
558 455 671 496 Latio
689 455 970 494 imminentes²³

186 518 320 570 Egerit
332 518 438 570 justo
457 517 625 556 domitos
645 516 866 568 triumpho,

188 580 279 619 Sive
298 579 489 632 subjectos
508 579 680 619 Orientis
698 591 776 617 01·ae
1266 587 1297 612 55

534 643 647 679 Seras
666 649 704 678 et
723 639 860 686 Indos,

186 705 241 741 Te
261 702 424 741 minor²¹
445 703 565 740 latum
585 710 693 753 reget
713 714 846 751 aequus
864 700 999 738 orbem
1018 715 1026 737 ε

185 764 246 801 Tu
262 762 372 814 gravi
390 774 509 801 curru
531 762 681 813 quaties
702 761 931 812 Olympum3

186 825 246 861 Tu
266 826 404 874 panim
419 822 532 862 castis
552 820 707 860 inimica
727 821 854 859 mittes

534 883 709 922 Fulmina
725 882 833 921 lucis.
1266 892 1298 917 σο

82 1003 245 1045 Marcelli,
262 1003 375 1039 similis
396 1003 505 1036 arbori
521 1013 593 1046 quae
607 1015 660 1035 oc-

83 1051 168 1084 culto
189 1062 274 1090 oevo,
301 1052 336 1083 id
352 1059 415 1091 est,
437 1052 564 1083 occulte
586 1063 661 1083 cum

83 1109 153 1132 aevo
166 1101 293 1140 erescit,
303 1107 439 1143 augetur
450 1110 540 1131 nunc
555 1107 586 1131 et
599 1111 662 1131 am-

83 1146 248 1190 plificatur
264 1158 322 1190 per
344 1149 496 1188 juvenem
518 1149 660 1179 nominis

84 1195 153 1235 ejus
169 1195 328 1227 haeredem
338 1219 347 1234 ,
362 1197 420 1238 qui
435 1194 589 1238 tanqmim
603 1206 661 1227 no-

83 1253 143 1274 vus
167 1253 209 1274 ex
235 1241 365 1285 antiqui
391 1244 490 1285 stirpe
511 1243 660 1274 surculus

81 1289 300 1330 efflorescens,
314 1301 439 1322 novum
458 1292 488 1322 ei
501 1291 661 1322 honorem

84 1338 246 1370 conciliat.
267 1339 346 1370 Haee
361 1337 402 1370 de
420 1345 562 1382 utroque
577 1340 664 1370 Mar-

83 1384 165 1417 cello
179 1385 354 1418 sufficiant.

132 1433 228 1466 Nunc
241 1433 282 1466 ad
295 1434 452 1466 Caesarem
465 1434 595 1473 transit,
610 1444 663 1465 cn-

83 1480 136 1521 ius
164 1479 269 1519 sidus,
301 1481 387 1513 inter
411 1492 522 1513 omnes
551 1481 658 1525 ignes,

84 1537 151 1570 prae
165 1530 287 1561 caeteris
309 1529 469 1560 sideribus
492 1529 610 1572 fulget,
624 1537 662 1560 ut

85 1576 196 1614 Luna,
213 1577 306 1617 eujus
321 1577 362 1608 ad
381 1577 488 1608 lucem
508 1577 577 1608 aliae
590 1577 663 1608 stel-

83 1621 124 1654 lae
142 1623 283 1656 minores
296 1622 399 1664 fiunt,
418 1625 537 1656 minori
558 1624 664 1667 splen-

85 1668 164 1702 dore
176 1680 358 1704 comscant.
374 1673 457 1714 Quis
472 1671 582 1703 reversi
597 1683 663 1703 cre-

84 1714 218 1760 diderit,
233 1719 270 1751 in
286 1718 342 1751 ills
357 1725 407 1751 tot
423 1721 572 1751 vi'rorum
593 1718 610 1750 ἐι
629 1731 663 1751 se

82 1765 287 1805 laudatornm
299 1767 458 1810 congerie,
467 1774 597 1810 poetam
606 1769 628 1799 J
630 1778 664 1798 u-

82 1813 119 1846 lii
143 1815 275 1847 Caesaris
295 1813 478 1846 ohliturum
496 1815 586 1846 esse?
601 1815 662 1854 At,

84 1862 256 1901 Hercules,
279 1862 360 1894 male
375 1862 525 1905 Augusto
546 1864 664 1896 Noster

84 1909 232 1952 palpatus
248 1909 371 1942 fuisset.

137 1966 192 2000 19.
221 1956 324 1996 Cura,
348 1957 458 1990 tutela.
483 1975 531 1981 -
546 1956 637 1988 Fatis
652 1969 664 1988 .-

85 2004 150 2036 fata
164 2003 268 2049 enim,
284 2003 462 2036 secundnm
477 2005 663 2037 Stoicorum

86 2053 291 2095 opinionem,
309 2053 372 2094 ipsi
392 2053 468 2084 Jovi
483 2053 661 2095 superiora.

86 2118 134 2124 -
153 2101 201 2132 Tu
218 2099 360 2131 secundo
380 2100 507 2132 Caesare
522 2110 638 2144 regnes
651 2111 663 2131 .·

85 2146 128 2180 itz'·
149 2158 278 2192 regnes,
302 2155 340 2179 ut
358 2148 524 2191 Angustus
541 2154 616 2190 post
633 2154 664 2178 te

715 1005 756 1035 sit
774 1001 952 1042 secundus,
975 1001 1025 1034 tui
1043 1002 1129 1033 vices
1147 1002 1181 1032 in
1204 1003 1298 1034 terris

715 1059 814 1095 gerat.
830 1063 863 1084 v.
879 1057 949 1083 not.
968 1051 1002 1082 in
1026 1061 1072 1082 vs.
1097 1055 1136 1087 14
1159 1049 1296 1090 hujusce

715 1099 804 1132 odes.

764 1158 818 1180 20.
845 1147 940 1179 Latio
966 1145 1172 1177 imminentes
1197 1156 1208 1176 .·
1231 1147 1295 1177 La·-

714 1194 793 1227 tittm
809 1196 905 1238 ponit
916 1205 978 1237 pro
990 1218 999 1233 ,
1014 1193 1144 1236 imperii
1157 1193 1300 1225 Romani

703 1242 804 1288 fines.
818 1245 858 1274 In
871 1253 1009 1285 corpore
1024 1241 1110 1272 enim
1125 1241 1211 1272 recte
1222 1252 1298 1273 con-

715 1291 846 1330 stituto,
875 1290 970 1321 dolor
999 1289 1051 1321 vel
1081 1295 1297 1320 extremarum

716 1339 859 1381 partium
886 1338 927 1370 ad
950 1344 1047 1380 caput
1068 1338 1175 1379 ipsum
1201 1337 1299 1378 perti-

716 1393 783 1418 net.
807 1404 854 1410 -—
871 1387 968 1417 Seras
989 1397 1001 1416 .·
1019 1387 1110 1417 Seres
1133 1384 1298 1428 regionem

715 1432 814 1465 hodie
837 1433 956 1465 dictam
982 1433 1160 1465 Tartariam
1186 1433 1300 1463 Sinen-

716 1491 783 1512 sem
795 1480 996 1513 habitabant.
1011 1480 1077 1512 vid.
1089 1479 1299 1511 nemine.—

717 1529 817 1559 Indos
836 1540 847 1559 :
867 1529 1007 1571 regionis
1030 1525 1115 1560 ultr&
1143 1527 1196 1559 vel
1219 1526 1299 1558 citrei

717 1577 863 1620 Gangem
878 1577 947 1608 sitae
965 1575 1094 1607 accolae.

767 1634 822 1656 21.
836 1625 880 1655 Te
895 1623 1012 1661 minor,
1031 1629 1069 1654 ut
1081 1620 1192 1664 suprzi,
1210 1629 1243 1653 tu
1256 1633 1302 1653 se-

717 1671 824 1703 cundo
841 1671 969 1703 Caesare
978 1681 1104 1714 regnes.
1111 1671 1278 1701 -Latum
1286 1682 1301 1707 ,-

715 1720 753 1750 in
780 1719 950 1751 nonnullis
976 1729 1051 1750 mss.
1079 1718 1218 1760 legitur,
1242 1717 1299 1749 lae-

718 1774 796 1799 tum.
818 1784 867 1791 —-
884 1769 930 1799 Tu
954 1765 1050 1810 gravi
1070 1776 1163 1796 curru
1187 1775 1195 1797 :
1214 1766 1300 1796 toni-

718 1821 789 1854 tru,
810 1815 903 1847 Jovis
918 1821 966 1845 est
984 1824 1109 1845 currus.
1132 1812 1199 1845 vid.
1215 1811 1300 1843 infrai

721 1862 781 1901 34,
799 1862 830 1893 8.
851 1861 969 1900 Gravi,
987 1862 1127 1904 graviter
1140 1872 1200 1903 per
1215 1861 1301 1892 toni-

718 1916 790 1940 trua
806 1911 967 1949 minante,
983 1908 1164 1941 tremendo.
1181 1910 1302 1940 —Pa-

718 1957 788 1989 n'tm
803 1957 900 1989 castis
914 1969 927 1989 .·
941 1968 999 2000 per
1021 1956 1141 2000 flagitia
1160 1963 1192 1987 et
1207 1956 1301 1987 adul-

719 2003 838 2036 terium
855 2012 909 2037 aut
931 2006 991 2036 alia
1014 2011 1126 2047 stupra
1148 2003 1301 2046 pollutis,

718 2063 790 2094 quae
812 2064 882 2084 non
904 2053 1075 2096 patiuntur
1099 2053 1210 2083 Jovem
1234 2050 1299 2081 ira-

718 2100 825 2131 cunda
838 2112 964 2143 ponere
972 2097 1131 2143 fidmina.
1151 2110 1183 2134 v.
1203 2096 1299 2141 supi-3¹

718 2149 782 2186 111,
801 2154 856 2185 4ο.

505 2274 889 2294 -ῴ-
