1456 2508
504 127 585 160 Lm.
608 126 661 158 111
683 126 772 159 ODE
795 125 838 157 V.

1224 125 1288 160 247

175 186 338 224 Milesne
359 185 523 232 Crassi-²*
540 186 704 237 conjuge
721 184 892 223 barbare
1279 189 1292 213 ⁵

47 240 70 263 ’ὲ
94 281 97 283 .
177 247 320 298 Turpis
344 247 507 285 maritus
524 247 645 286 vixit?
665 255 705 285 et
720 246 913 293 hostium,

50 351 93 367 f
228 308 333 347 Proh
353 308 488 357 Curia,
503 307 726 359 inversique
744 308 892 345 mores!

284 369 497 408 Cousenuit
513 382 737 408 socerorum
759 368 800 406 in
820 367 936 405 armis
1007 402 1011 412 ,

179 430 262 470 Sub
281 444 371 482 rege
386 431 523 478 Medo,
543 433 696 469 Marsus
712 438 751 468 et
770 429 951 480 Appulus
971 431 1000 476 4,

178 493 437 540 Anciliorum,
459 501 497 530 et
514 491 711 538 Nominis,
729 500 767 529 et
782 492 900 541 Togae
1262 505 1291 521 10

232 553 388 593 Oblitus
398 582 408 599 ‚
428 563 657 604 aeternaeque
673 555 822 600 Vestae,

285 615 477 652 Incolumi
493 618 590 652 Jove
611 623 650 653 et
671 613 768 652 urbe
787 614 935 651 Romzi!

180 679 266 715 Hoc
281 686 435 714 caverat
454 689 560 715 mens
579 676 744 728 provida
761 675 919 727 Reguli,
1278 681 1293 705 ⁵

179 738 447 777 Dissentientis
464 738 753 777 conditionibus

77 906 224 938 Crassum
240 902 424 947 gravissimfi
438 903 528 936 clade
541 904 661 936 afflixe-

79 958 162 984 rant.

123 998 155 1031 3.
180 998 319 1030 Mile-me
354 998 462 1030 Crassi
484 1010 496 1029 .·
515 1010 659 1031 commo-

79 1051 149 1076 tum
162 1052 259 1087 atque
274 1047 445 1077 incensum
466 1052 572 1088 poetae
587 1048 658 1077 aui-

78 1103 168 1124 umm
180 1091 272 1124 decet
284 1094 478 1124 commotior
492 1099 588 1134 atque
599 1104 659 1135 per

77 1140 346 1182 interrogationes
368 1140 564 1181 praecipitata
587 1151 657 1172 ora-

79 1187 137 1218 tio.
151 1204 200 1211 -—-
219 1186 313 1218 Vixit
333 1198 345 1218 .·
370 1188 454 1217 inest
477 1186 581 1228 aliqua
611 1189 657 1218 vis

78 1234 114 1265 in
139 1233 176 1265 ei
201 1245 301 1273 voce,
317 1233 545 1275 vixit‚'quasi
567 1235 658 1266 miles

78 1282 244 1313 Romanus
265 1281 400 1323 indigno
413 1287 446 1312 et
462 1282 563 1313 vetito
580 1292 658 1313 con-

77 1329 168 1371 iugio
187 1330 286 1360 vitam
314 1328 452 1370 turpiter
473 1328 655 1361 redemerit.

78 1390 125 1399 ——-
138 1373 224 1406 Proh
241 1375 360 1407 Curia!
378 1375 529 1406 violatam
548 1375 658 1419 legum

79 1423 290 1462 majestatem,
303 1433 443 1464 quarum
455 1430 582 1454 senatus
589 1434 659 1454 cns-

79 1475 131 1500 tos
144 1475 213 1500 erat
223 1492 233 1508 ,
250 1476 397 1500 testatur.
411 1487 459 1494 —-
474 1470 659 1512 Inversique

81 1526 185 1548 mores
193 1518 208 1547 .'
234 1517 389 1549 Romanis
417 1516 452 1548 id
477 1518 495 1548 ἐι
519 1517 658 1559 pueritia

79 1564 213 1595 insitum
240 1571 323 1603 erat,
339 1571 378 1594 ut
404 1570 528 1595 exteras
549 1571 659 1607 gentes

80 1618 206 1642 summo
211 1609 367 1642 haberent
372 1613 584 1654 contemptui;
591 1623 660 1643 non

81 1655 186 1688 solum
197 1657 295 1701 igitur
306 1658 402 1700 leges,
412 1659 467 1690 sed
482 1670 587 1690 mores
600 1669 660 1701 pu-

84 1703 188 1736 blicos
205 1705 408 1745 offendebat,
423 1707 570 1748 quisquis
591 1709 658 1738 Ro-

82 1761 195 1783 manus
203 1751 345 1784 barbaris
353 1754 523 1790 serviebat,
533 1755 567 1784 in
577 1764 660 1795 quos

82 1798 136 1838 jus
152 1798 314 1832 habebant
327 1800 533 1833 dominii.—
549 1800 662 1831 Conse-

83 1845 176 1883 auin
193 1854 290 1889 auget
315 1847 390 1879 sacti
413 1847 570 1879 invidiam
593 1849 661 1890 ipsa

82 1891 286 1926 diuturnitas.
318 1913 362 1919 --
391 1895 540 1926 Hostium
573 1906 660 1926 soce-

83 1949 207 1971 mmm:
219 1943 340 1980 socci,
350 1943 424 1982 jure
436 1945 595 1979 Romano,
610 1953 665 1984 pa-

84 1994 171 2019 trum
179 1987 254 2020 loeo
262 1989 511 2029 habebantur,et
519 1989 663 2021 eamdem

85 2033 120 2064 in
137 2044 271 2076 generos
291 2047 389 2078 quam
403 2037 483 2069 hiin
491 2037 576 2069 filios
593 2048 664 2069 aue·

86 2082 246 2114 toritatem
251 2084 544 2118 exercebant—In
552 2095 621 2115 arm
625 2085 664 2116 is.-

86 2128 178 2160 nliter
190 2130 228 2160 in
241 2130 325 2165 amis
332 2141 347 2168 ;
365 2132 506 2173 priorem
519 2139 644 2164 textum
653 2155 663 2172 ,

87 2182 126 2207 ut
133 2186 232 2219 magu
241 2177 448 2218 invidiosum,
459 2181 662 2212 retinuimus.

135 2229 168 2261 4.
185 2225 314 2256 Marsus
335 2233 370 2257 ee
382 2227 530 2269 Appulus
548 2239 560 2258 .·
582 2233 664 2269 pro,

86 2269 251 2305 fortis-mni
271 2274 409 2307 Romami
423 2274 583 2307 exercitus
609 2276 667 2307 mi-

711 904 794 936 lites.
818 904 930 935 Gemes
957 914 1032 935 acre
1056 902 1183 941 virtim,
1201 902 1288 934 Mar-

711 963 782 988 sos,
802 952 893 994 Virg.
910 951 1029 994 Georg.
1051 952 1100 989 ΙΙ,
1122 951 1198 991 167.
1213 950 1290 983 Vid.

711 1010 800 1040 supr.
817 997 880 1030 Od.
901 999 952 1036 11,
974 1009 1037 1037 20,
1060 999 1113 1030 18.
1127 1016 1173 1022 —-
1190 998 1292 1029 Anci·

711 1046 826 1076 Iiormn
841 1056 852 1075 .·
866 1045 994 1083 ancilia,
1007 1052 1099 1076 scuta
1112 1052 1203 1076 erant
1218 1045 1290 1077 bre-

711 1094 782 1131 via,
800 1103 938 1123 numero
954 1091 1147 1131 duodecim,
1167 1094 1204 1124 iu
1224 1092 1293 1124 aede

711 1140 826 1171 Martis
838 1146 960 1170 servata
971 1162 980 1177 ,
995 1150 1038 1171 ex
1055 1139 1176 1181 quibus
1188 1151 1293 1171 unum

711 1186 751 1217 de
767 1186 851 1217 coelo
863 1186 989 1228 lapsum
1004 1187 1207 1221 credebatur.
1226 1189 1293 1219 Da·

711 1240 783 1264 tum
804 1240 852 1264 est
869 1234 977 1264 autem
1000 1245 1063 1275 pro
1086 1234 1221 1266 oraculo
1246 1234 1294 1266 ibi

710 1282 884 1323 imperium
893 1280 978 1319 fore,
987 1282 1046 1312 ubi
1054 1282 1166 1313 fuisset
1178 1281 1291 1314 ancile.

710 1343 758 1352 -·-
774 1330 873 1370 Togae
886 1339 898 1358 .-
913 1334 1003 1371 toga,
1020 1330 1191 1371 proprium
1213 1330 1293 1361 eivi-

711 1375 773 1406 bus
786 1377 941 1407 Romanis
957 1383 1119 1418 gestamen
1134 1383 1212 1408 erat.
1229 1376 1294 1408 Ro-

711 1433 830 1453 manos
841 1433 948 1453 rerum
961 1422 1126 1460 dominos,
1145 1431 1295 1466 gentem·

711 1481 774 1512 que
796 1477 942 1511 togatam
951 1482 966 1507 ;
982 1471 1074 1512 Virg.
1102 1470 1230 1503 AEneid.
1258 1473 1275 1502 1
1286 1493 1295 1508 ,

714 1517 793 1549 282.
807 1534 855 1540 —
870 1517 1019 1548 AEternoe
1034 1519 1069 1547 V
1066 1525 1143 1549 estae
1155 1529 1166 1548 .·
1180 1519 1293 1549 aeterni

711 1565 796 1606 ignis
805 1587 814 1603 ‚
826 1564 883 1606 qui
896 1565 932 1595 in
945 1563 1068 1606 templo
1080 1567 1188 1596 Vestae
1199 1564 1218 1595 in
1234 1566 1297 1596 vir—

712 1612 843 1654 ginibus
861 1613 958 1642 sacris
977 1611 1072 1643 alitus
1096 1619 1129 1643 et
1151 1612 1295 1644 custodi-

713 1666 766 1690 tus
776 1683 786 1698 ‚
812 1657 982 1700 nunquaim
1010 1660 1174 1702 exstingui
1196 1659 1295 1691 dehe-

714 1706 788 1744 bat‚
811 1707 1034 1748 perpetuitatis
1055 1707 1184 1748 imperii
1207 1717 1294 1749 sym-

713 1753 838 1785 bolum.
849 1771 897 1777 --
907 1753 1071 1784 Incolumi
1081 1756 1159 1785 Jove
1168 1765 1180 1784 .·
1191 1761 1296 1785 stante

715 1800 876 1842 Capitolio
885 1823 894 1839 ,
905 1800 965 1831 uhi
977 1801 1145 1832 colebatur
1153 1803 1296 1843 Jupiter,

715 1849 763 1879 rei
774 1851 929 1880 Romanae
949 1849 985 1880 in
998 1855 1156 1880 aeternum
1169 1859 1298 1880 servan·

713 1895 764 1927 dae
781 1902 948 1937 patronus·

763 1944 795 1975 5.
813 1944 884 1974 Hoc
902 1953 914 1974 .·
927 1941 1052 1973 scilicet
1072 1939 1151 1978 hoc,
1170 1952 1212 1973 ne
1234 1954 1297 1973 un-

715 1990 812 2032 qmim
826 2001 882 2031 spe
897 1989 1130 2030 redemptionis
1143 2011 1154 2026 ‚
1169 1996 1296 2031 turpem

715 2038 915 2069 deditionem
939 2039 1108 2069 Romanus
1132 2036 1224 2067 miles
1242 2037 1299 2068 ho·

715 2093 815 2117 nestae
829 2085 927 2116 morti
936 2090 1157 2125 anteponeret.
1170 2101 1218 2107 -
1227 2084 1300 2115 Dis-

717 2132 885 2164 sentt'enu‘s
912 2143 924 2162 .·
955 2130 1032 2162 cum
1064 2131 1217 2162 assentire
1241 2141 1300 2162 no-

716 2181 789 2212 luit.
816 2197 866 2204 —
895 2177 1140 2210 conditionibus
1166 2177 1271 2221 foedis
1283 2189 1297 2209 .-

708 2227 812 2270 soedis
823 2251 833 2265 ‚
849 2237 919 2258 nou
943 2236 1002 2268 per
1015 2236 1049 2256 se
1058 2249 1068 2265 ,
1082 2225 1139 2256 sed
1152 2225 1230 2267 quisi
1243 2225 1299 2256 da-

718 2275 798 2308 bant
824 2274 1030 2316 exemplum,
1052 2283 1095 2304 ex
1115 2283 1182 2317 quo
1209 2272 1299 2306 cmlxi
