1456 2508
477 67 485 82 b

515 117 593 149 LIB.
615 115 667 148 111
691 117 780 149 ODE
803 115 831 148 1.

1218 112 1284 142 223

174 175 469 214 Tumultuosum
491 176 668 214 sollicitat
684 187 790 213 mare
809 182 837 222 7,

229 238 310 274 Nec
329 249 452 275 saevus
467 237 624 274 Arcturi
641 235 811 273 cadentis

285 300 476 350 Impetus,
495 306 561 336 aut
581 297 740 335 orientis
754 296 887 344 Haedi;

177 361 266 398 Non
280 359 494 398 verberatae
511 359 696 410 grandine
715 358 838 396 vineae
859 355 887 404 ὃ,

178 423 208 459 F
211 420 413 472 nudusque
431 420 617 468 mendax,
637 418 777 457 arbore
796 421 900 457 nunc
919 431 1036 470 aquas
1254 425 1287 450 30

234 484 422 533 Culpante
434 511 445 530 ,
464 485 567 519 nunc
586 480 771 518 torrentia
790 494 902 532 agros

287 543 444 590 Sidera,
460 544 562 580 nunc
580 541 738 591 hyemes
759 541 921 591 iniquas.

182 607 389 643 Contracta
402 604 526 654 pisces
546 615 703 652 aequora
719 602 888 639 sentiunt
910 610 925 632 ⁹

181 665 298 705 sactis
312 664 352 702 in
367 665 485 702 altum
502 662 690 709 molibus3
711 661 787 699 huc
808 663 988 714 frequens

234 729 427 764 Caementa
445 723 612 762 demittit
630 721 852 773 redemptor
1258 731 1288 758 35

287 788 383 824 Csim
403 784 573 832 famulis,
592 783 846 835 dominusque
869 793 981 822 terrae

128 938 158 969 7.
175 931 290 971 Neque
316 927 542 960 tumultuosum
560 925 636 957 solli
642 943 655 948 -

80 977 161 1008 citae
190 987 280 1007 mane
305 986 317 1006 .·
351 976 409 1017 qui
443 975 528 1017 euim
568 972 650 1004 nihil

81 1023 167 1056 aliud
178 1022 275 1066 quain
287 1021 376 1065 quod
391 1021 471 1053 satis
487 1029 542 1058 est,
558 1022 657 1063 quam

82 1071 293 1102 necessarium
310 1070 414 1110 cupit,
438 1079 507 1100 non
523 1070 657 1100 immen-

81 1119 122 1148 sis
142 1117 319 1160 quaesfibus
348 1126 431 1157 quos
460 1116 656 1147 maritimum

82 1163 311 1196 commercium
319 1164 414 1205 parit,
422 1163 656 1194 inhiatt--Nec

82 1221 181 1243 saevus
193 1209 325 1255 Arcturi
337 1209 486 1240 cadentis
496 1211 654 1251 Impetus,

82 1265 141 1289 aut
156 1255 296 1290 'orientis
323 1255 422 1288 Hoedi
448 1268 461 1287 .·
489 1257 622 1288 Arcturi
645 1267 657 1287 .·

82 1305 171 1336 stella
185 1311 232 1336 est
246 1304 423 1347 insignisin
435 1303 565 1346 cingulo
578 1306 659 1335 Boo-

28 1377 30 1379 ,
84 1359 139 1390 tae,
149 1351 250 1394 prope
263 1350 397 1382 caudam
410 1351 501 1382 Ursae
512 1352 658 1390 majom‘53

82 1398 161 1431 inde
195 1409 316 1429 nomen
349 1397 458 1429 habet.
489 1399 544 1429 Est
574 1398 660 1429 enim

84 1437 201 1490 Ᾰρκτος
212 1469 222 1485 ,
239 1456 314 1476 ursa
326 1468 336 1483 ‚
363 1451 396 1476 et
412 1441 488 1487 οὐρὰ
502 1468 512 1482 ,
541 1445 658 1477 cauda.

84 1493 210 1525 Pluvias
235 1498 498 1534 tempestatesque
531 1499 661 1533 porten-

84 1538 152 1579 dit,
167 1539 342 1582 praesertim
362 1537 437 1570 cum
464 1538 592 1571 occidit.
613 1557 660 1563 --

85 1586 183 1618 Hoedi
193 1598 205 1618 .·
217 1586 338 1618 Haedus
348 1609 357 1624 ,
373 1587 440 1616 sive
455 1585 583 1627 Capella
594 1609 603 1625 ,
614 1593 662 1617 est

85 1633 174 1664 stella
192 1635 320 1676 primae,
336 1640 373 1663 ut
388 1640 507 1663 vocant
517 1656 526 1671 ,
541 1635 661 1675 magui-

88 1679 210 1711 tudinis
223 1690 232 1712 :
247 1679 327 1710 huie
346 1678 464 1710 insidet
486 1680 574 1710 stella
586 1703 595 1719 ,
609 1682 663 1711 cui

89 1728 210 1770 Auriga
235 1737 366 1757 nomen.
395 1727 478 1757 Duae
507 1728 601 1757 etiam
627 1729 664 1758 in

92 1773 204 1805 eodem
213 1774 304 1815 signo
317 1772 415 1804 stellae
428 1780 583 1804 vocantur
592 1775 663 1804 Hae-

92 1819 136 1852 di.
159 1820 261 1852 Ροιτὸ
271 1841 280 1857 ,
317 1819 524 1860 quantumvis
550 1830 660 1861 graves

91 1867 156 1898 sint
163 1866 312 1909 procellae
320 1866 360 1897 ab
366 1866 495 1897 illorum
502 1873 660 1898 astrorum

93 1921 170 1944 ortu
179 1914 230 1945 vel
250 1923 364 1944 occasu
380 1914 664 1955 concitatae,quam

92 1959 239 2003 frugibus
263 1966 296 1991 et
318 1961 433 1991 annuis
452 1961 664 2002 proventibus

92 2008 219 2046 noxiae,
238 2007 312 2038 satis
329 2017 452 2048 semper
469 2007 586 2049 reliqui
603 2009 665 2038 erit

91 2053 138 2084 nil
154 2053 239 2085 ultra
253 2055 467 2085 necessarium
491 2056 665 2095 appetenti.

140 2101 172 2132 8.
199 2101 275 2132 Non
305 2100 487 2132 verberatae
504 2101 667 2143 grandine

90 2146 199 2179 vineoe
210 2158 222 2178 :
234 2157 303 2179 uon
314 2146 422 2178 mimis
434 2147 505 2189 apte
516 2149 551 2178 iu
564 2149 665 2189 Epist.

91 2195 107 2225 1
118 2217 128 2233 ‚
138 2194 156 2224 8
167 2217 176 2233 ,
192 2200 212 2232 4
225 2204 234 2226 :
246 2194 348 2226 Haud
359 2193 436 2236 quita
445 2194 573 2237 grando
585 2195 666 2226 Con-

89 2240 210 2274 tuden}
233 2241 340 2279 νίκη
367 2241 477 2284 gallice
505 2241 663 2275 dicimus:

710 928 745 960 la
759 926 993 972 grdlejbnectffi
1006 929 1093 959 Dict.
1107 927 1263 959 Academ.
1277 939 1286 966 ;

713 976 756 1007 Ce
780 986 867 1017 pays
897 986 918 1006 a
952 974 1003 1006 e'ee'
1019 974 1151 1018 fbuette'
1178 975 1219 1006 de
1249 976 1283 1006 la

707 1021 798 1066 gre‘le
807 1045 816 1059 ,
829 1023 916 1054 Dict.
933 1023 1077 1054 Trevolt.
1091 1039 1133 1046 —-
1147 1021 1290 1053 Fundus-

710 1081 772 1111 que
791 1070 958 1100 mendax:
979 1069 1116 1111 depositi
1134 1069 1230 1101 titulo
1245 1080 1290 1100 se-

709 1118 796 1148 mina
814 1116 910 1147 tellus
924 1117 1082 1158 accepisse
1096 1116 1237 1154 videtur,
1257 1123 1290 1147 et

710 1163 746 1195 ea
760 1164 846 1206 lege,
869 1170 907 1194 ut
921 1163 974 1194 illa
995 1173 1071 1194 eum
1090 1161 1176 1194 certa
1191 1164 1290 1194 usura

709 1218 783 1252 post
807 1210 951 1251 elapsum
976 1219 1099 1241 annum
1122 1210 1292 1248 restituat3

710 1256 799 1288 unde
825 1256 996 1288 deficiente
1014 1257 1140 1292 reditu,
1161 1257 1290 1288 mentiri

711 1312 744 1335 et
755 1303 853 1335 fidem
867 1303 976 1335 fallere
993 1303 1124 1336 dicitur.
1135 1304 1291 1336 Similiter

713 1353 815 1394 Epist.
824 1350 920 1388 infra,
934 1352 964 1390 Ι,
974 1362 1006 1390 7,
1019 1351 1060 1390 87
1075 1360 1083 1382 :
1100 1361 1188 1392 spem
1198 1361 1289 1382 men-

715 1398 776 1429 tita
796 1408 906 1440 seges;
932 1399 986 1428 cui
1017 1399 1222 1439 opponitur:
1241 1409 1290 1428 se—

710 1445 795 1489 getis
815 1452 904 1476 certa
924 1444 1117 1483 fides,iufra
1139 1444 1202 1477 Od.
1225 1446 1292 1483 111,

719 1493 780 1531 16,
802 1491 1044 1524 30.--Arbore
1071 1491 1157 1522 nimo
1188 1502 1294 1533 aquas

715 1540 866 1580 culpante
879 1550 891 1569 :
905 1537 983 1569 dum
997 1538 1106 1577 arbor,
1116 1538 1306 1570 sterilitatis
1329 1533 1340 1538 ”

714 1587 844 1628 culpam
856 1597 928 1628 qnae
945 1587 974 1616 ei
993 1584 1011 1616 ἐι
1028 1585 1162 1617 domino
1187 1587 1295 1628 impu·

716 1633 862 1671 vibatur,
887 1633 986 1664 modi>
1020 1634 1057 1663 in
1083 1634 1198 1664 nimias
1220 1633 1294 1674 plu-

716 1681 798 1718 vias,
815 1679 913 1711 modu
928 1681 963 1711 in
977 1680 1095 1710 nimios
1104 1687 1198 1711 aestus
1208 1703 1217 1718 ,
1229 1690 1297 1710 mo-

716 1727 760 1758 dc>
778 1728 813 1758 in
824 1726 985 1769 hyemalia
998 1726 1117 1769 frigora
1135 1726 1296 1758 transfert.

717 1775 933 1815 Prosopopeia
959 1780 1017 1805 est.
1053 1773 1115 1805 Sed
1139 1773 1219 1816 quid
1247 1773 1298 1804 hae

719 1821 914 1852 calamitates
925 1821 997 1852 viro
1007 1821 1143 1862 sapienti
1154 1844 1164 1860 ‚
1172 1821 1229 1862 qui
1243 1831 1299 1851 ne-

718 1869 871 1899 cessitatis
890 1869 971 1910 jugo
986 1878 1054 1898 sese
1077 1867 1204 1899 fortiter
1223 1867 1298 1899 sub·

714 1915 802 1955 ficit,
815 1916 935 1957 quique
948 1915 1061 1956 paucis
1074 1915 1157 1946 vivit
1166 1915 1181 1945 Ρ

765 1972 798 2003 9.
826 1961 1000 1993 Contracta
1031 1961 1137 2003 pisces
1165 1972 1298 2002 aequora

719 2008 885 2040 sentiunt:
910 2009 946 2040 in
969 2008 1053 2051 illud
1070 2007 1170 2039 luxus
1193 2018 1296 2049 genus

716 2055 783 2096 jam
800 2057 949 2087 invectus
967 2062 1015 2086 est
1029 2054 1127 2096 supra
1138 2078 1147 2093 ‚
1167 2055 1230 2087 Od.
1247 2056 1299 2093 11,

725 2103 782 2141 18,
802 2113 866 2140 203
885 2113 982 2144 quem
996 2102 1107 2133 locum
1122 2112 1195 2132 cum
1214 2102 1301 2133 notis

720 2149 805 2181 vide.
823 2166 871 2173 ·—
890 2151 1055 2190 Frequens
1090 2149 1275 2190 redemptor
1287 2159 1299 2179 .-

718 2197 814 2228 multi
830 2206 967 2238 operum
983 2195 1216 2235 conductores;
1231 2195 1296 2237 gal·

717 2243 779 2275 lice
790 2265 799 2283 ,
823 2243 881 2276 des
914 2250 1171 2285 entrepreneurs.
1207 2241 1302 2274 Redi-
