1404 2482
189 124 254 154 310
570 127 610 166 Q.
634 125 816 156 HORATII
838 127 990 159 FLAcm

187 263 320 274 “swu-
324 263 826 276 Ἃννυνιὶ-ιπῶυηννιωιτπις
830 264 1373 281 ΜΜΜΜΜΜἉδ

308 435 456 492 ODE
498 438 876 498 VIGESIMA
919 440 1240 514 QUARTA

438 616 509 660 IN
562 617 814 660 DIVITES
859 616 1062 660 AVARO
1072 618 1114 661 S,

181 812 282 839 Poeta
301 810 317 839 ὲ
329 809 477 851 faciliori
494 809 732 851 Epicureorum
753 809 900 842 doctr-ind
917 812 964 842 ad
976 811 1113 855 rigidam
1135 812 1311 845 Stoi‘corum
1325 826 1370 846 se-

224 863 385 894 veritatem
402 864 488 905 pene
513 875 695 906 emergens,
723 864 755 894 in
774 864 833 895 hoc
853 866 995 896 carmine
1012 867 1185 898 insectatur
1194 867 1305 898 luxum
1319 879 1368 899 se-

223 917 288 948 culi
301 917 352 947 sui
357 917 618 958 perditissimum,
632 926 868 949 cocetaneorum
882 930 1007 950 suorum
1021 920 1106 951 vitia
1118 921 1274 959 describit,
1291 932 1366 952 cau—

222 982 274 1002 sas
303 979 410 1010 notat,
429 972 553 1003 indicat
575 973 728 1005 remedia.
751 975 789 1003 In
812 973 980 1004 avaritiam
993 974 1170 1016 praesertim
1194 975 1363 1013 invehitur,

224 1026 363 1056 omnium
387 1027 538 1056 scelerum
567 1037 607 1056 ac
628 1026 853 1070 maleficiorum
877 1035 1031 1067 matrem,
1044 1036 1229 1070 pestemque
1242 1029 1291 1060 rei
1303 1041 1367 1071 pu-

219 1078 320 1110 blicae.
343 1082 421 1121 Quae
435 1081 524 1110 mala
540 1080 573 1110 in
589 1091 743 1110 summum
761 1081 938 1122 aliquando
954 1081 1122 1113 discrimen
1137 1082 1294 1114 civitatem
1309 1084 1365 1114 ad-

222 1134 354 1165 ductura
362 1158 373 1172 ,
391 1145 513 1165 morum
529 1134 692 1165 licentiam
715 1135 955 1177 refraenandam
965 1159 976 1173 ‚
997 1136 1126 1166 modam
1144 1137 1366 1178 cupiditatibus

221 1195 253 1218 et
266 1188 382 1219 insano
401 1189 495 1219 luxui
517 1189 744 1230 imponendum
767 1189 912 1231 graviter
933 1197 1048 1221 monet.
1071 1192 1218 1222 Postulat
1241 1199 1276 1222 ut
1291 1203 1363 1223 suus

216 1241 404 1282 paupertati
420 1241 523 1272 lzonor
535 1243 697 1280 reddatur,
711 1251 742 1273 et
749 1254 853 1284 prava
870 1243 928 1274 illa
945 1254 987 1274 ex
998 1243 1116 1275 animis
1130 1245 1291 1276 eximatur
1301 1247 1365 1287 opi-

221 1294 297 1333 nio,
317 1294 435 1326 scilicet
446 1295 644 1337 felicitatem
673 1296 706 1327 in
731 1296 847 1327 divitiis
872 1297 1012 1338 positam
1034 1309 1117 1336 esse,
1138 1299 1273 1341 plusque
1308 1311 1363 1330 eas

219 1348 334 1378 valere
356 1349 404 1378 ad
426 1348 532 1379 vitam
555 1349 632 1380 bene
650 1349 803 1391 beateque
821 1351 998 1392 agendam,
1017 1351 1114 1392 quam
1133 1351 1361 1384 continentiam

216 1410 249 1432 et
247 1401 474 1444 frugalitatem
484 1414 495 1432 .·
498 1403 771 1444 propositumque,
786 1403 972 1444 Scytharum
990 1405 1204 1447 Getarumque
1213 1407 1360 1448 exemplo

218 1456 424 1488 demonstrat.
439 1471 454 1483 κ
473 1457 617 1487 Excellit
629 1456 688 1487 hoc
706 1468 852 1495 carmen,
873 1457 976 1499 inquit
984 1458 1198 1504 Micsclzerlich
1207 1483 1216 1497 ‚
1234 1469 1359 1492 senten·

216 1525 230 1536 «
246 1510 361 1541 tiarum
377 1511 554 1542 sublimium
575 1511 714 1542 ubertate
724 1536 734 1549 ,
755 1511 939 1542 elocutionis
955 1513 1112 1555 dignitate
1125 1525 1164 1544 ac
1179 1514 1219 1544 ‘vi
1226 1537 1236 1550 ‚
1255 1526 1358 1546 nume-

217 1578 232 1590 «
247 1575 416 1606 rerumque
431 1563 556 1595 delecta
565 1566 734 1606 gravitate.
751 1581 767 1593 υ
787 1566 943 1597 Ediscant
955 1567 1039 1598 illud
1052 1569 1178 1609 juvenes
1193 1569 1248 1610 qui
1264 1570 1357 1600 mori-

215 1617 269 1647 bus
283 1617 496 1660 informandis
515 1625 547 1648 et
558 1619 736 1650 excolendo
754 1619 882 1662 ingenio
893 1631 1008 1662 parem
1022 1632 1130 1652 euram
1146 1622 1307 1655 adhibent.

373 1777 551 1814 lunens
569 1778 784 1827 opulentior

268 1834 471 1872 Thesauris
492 1836 664 1875 Arabum
683 1847 720 1875 et
737 1837 865 1876 divitis
883 1839 1020 1885 Indiae,

215 1996 243 2017 1.
260 1986 394 2016 Intactis
406 1987 586 2027 opulentior
596 1988 730 2019 Thesau-
781 1991 940 2029 injecerat.
957 1991 1032 2023 Vid.
1049 1990 1144 2032 supr&
1154 1992 1216 2023 Od.
1232 1993 1248 2022 1
1257 2015 1265 2031 ‚
1291 2003 1331 2034 29
1343 2016 1351 2031 ‚

162 2030 204 2060 ris
222 2032 365 2063 Arabum
384 2043 396 2062 .·
416 2044 524 2064 sensus
551 2042 620 2072 est;
655 2036 730 2066 licet
786 2047 801 2066 1
814 2059 823 2074 ‚
841 2044 871 2067 et
897 2043 986 2067 notas
1010 2039 1044 2068 in
1067 2038 1154 2068 huno
1172 2038 1289 2070 locum.
1303 2057 1349 2064 —-

161 2087 237 2117 opes
252 2084 314 2108 tuae
333 2088 442 2109 omnes
460 2080 588 2110 Arabiae
603 2081 727 2111 thesau-
780 2083 827 2113 Et
837 2082 941 2113 divitis
950 2083 1055 2114 Indice
1069 2094 1082 2113 .·
1095 2094 1135 2113 ex
1147 2083 1265 2114 Arabia
1277 2095 1348 2126 pre-

160 2133 211 2153 ros
234 2133 444 2165 exsuperent;
466 2125 601 2156 intactos
623 2128 727 2158 autem
780 2129 858 2159 tiosa
872 2136 1027 2167 aromata3
1042 2140 1081 2159 ex
1091 2129 1183 2160 India
1193 2152 1202 2167 ,
1218 2141 1341 2169 aarum,

159 2179 213 2199 eos
243 2169 335 2208 dicit,
360 2172 478 2211 quibus
508 2174 726 2203 Romanorum
780 2182 956 2216 argentum,
975 2175 1173 2214 adamantes,
1194 2177 1341 2214 uniones,

158 2215 284 2245 avaritia
300 2227 410 2247 manus
434 2228 559 2258 rapaces
581 2217 724 2249 nondiun
777 2221 811 2250 iu
826 2222 925 2251 varias
946 2221 1033 2252 orbis
1052 2228 1155 2263 partes
1178 2221 1336 2253 diffunde-
