1456 2508
194 137 256 176 178

587 140 628 180 Q.
653 137 836 171 nonam
860 138 1012 172 mem

292 197 437 234 Pectus.
458 196 642 235 Informes
661 196 804 235 hiemes
824 198 974 236 reducit
990 218 1012 237 e
1207 212 1209 217 ¹
1264 197 1279 212 '¹
1348 213 1378 237 ¹5

525 256 675 306 Jupiter
683 285 693 303 ‚
709 257 810 294 idem

293 319 523 354 Summovet.
539 319 644 363 Non,
663 317 694 354 si
710 318 806 354 male
823 320 942 365 nilne,
959 328 997 356 et
1016 317 1107 358 olim

295 375 357 412 Sic
376 375 458 413 erit.
481 376 682 422 Quondam
702 378 855 414 citharae
876 380 1033 416 tacentis

293 435 455 472 Suscitat
472 437 638 482 Musam,
654 449 777 487 neque
794 450 943 488 semper
960 450 1091 477 arcum

526 495 663 532 Tendit
680 497 828 546 ApollO.
1348 518 1378 534 ιι.

293 554 421 592 Rebus
440 556 605 605 angustis
620 557 809 595 animosus
824 565 938 607 atque

293 615 416 652 Fortis
436 628 576 665 appare
597 630 604 652 :
625 616 813 666 sapienter
831 616 931 654 idem

293 676 501 712 Contrahes
521 684 634 712 vento
653 677 810 714 nimitlm
829 677 995 714 secundo

525 735 692 786 Turgida
707 738 790 774 vela
811 737 838 772 5.

187 851 343 896 confidat,
362 852 394 882 in
419 851 557 883 adversis
578 863 672 883 nemo
695 854 751 884 de-

180 898 274 941 ficiat
284 911 297 935 ;
313 899 447 929 alcernoe
461 907 533 930 sunt
539 899 627 930 vices
635 910 749 931 rerum.

186 962 232 970 --
246 944 405 987 Injbrmes
430 944 548 975 hiemes
560 957 571 975 :
588 956 660 986 quae
683 957 752 988 gra-

186 998 249 1023 tam
273 999 397 1022 naturae
419 992 529 1022 faciem
552 992 748 1023 deformant:

185 1038 409 1079 metonymice.
423 1054 470 1062 —--
483 1037 623 1079 Jupiter,
639 1045 676 1068 ut
691 1049 755 1069 om-

189 1086 279 1115 nium
292 1095 397 1114 rerum
407 1107 416 1121 ‚
433 1085 478 1114 sic
493 1085 653 1126 praecipue
676 1085 754 1115 aeris

185 1137 218 1162 et
243 1136 463 1171 tempestatum
494 1131 686 1162 moderator.
708 1148 754 1154 —-=

187 1176 223 1208 Si
240 1177 326 1207 mal&
346 1178 429 1208 ηὰηο
443 1188 455 1207 .·
476 1177 613 1211 subaud.
635 1185 692 1208 ese.
707 1194 754 1201 —-

188 1223 361 1264 Quondam
387 1234 399 1254 :
429 1222 589 1254 interdhm
599 1246 608 1261 ‚
638 1223 754 1254 identi-

186 1269 259 1300 dem
272 1291 282 1307 ‚
298 1270 326 1300 si
348 1269 461 1300 referas
476 1269 515 1300 ad
534 1269 664 1300 suscitat
681 1281 692 1300 :
710 1271 752 1307 si,

186 1314 226 1346 ad
236 1317 361 1346 Musam
369 1315 500 1346 cithara·
506 1315 648 1352 tacentis,
661 1316 755 1346 intel-

185 1362 247 1404 lige
261 1371 351 1405 :quae
365 1362 462 1394 αηεεὰ
471 1362 755 1404 silebam—Neque

802 865 927 895 semper
957 865 1066 885 arcum
1097 856 1201 886 tendit·
1224 857 1342 898 Apollo
1360 870 1370 888 .-

804 911 913 930 arcum
942 911 1031 947 non²
1048 902 1108 932 nisi
1131 903 1230 933 iratus
1241 926 1250 941 ‚
1268 904 1370 935 tendit

805 947 934 987 Apono.
949 949 1011 978 Res
1025 948 1187 978 notissima
1200 959 1242 979 ex
1256 951 1370 981 Home-

806 1004 861 1029 ro,
883 993 921 1024 IL
942 1003 982 1030 α,
1003 994 1068 1034 59;
1087 1004 1128 1024 ex
1147 997 1245 1026 Statio
1271 996 1374 1028 Theb.

807 1039 872 1069 658
894 1048 902 1070 :
928 1041 1030 1069 Arcus
1065 1039 1193 1071 intende
1221 1051 1375 1080 ,ποιων-οε,-

806 1096 849 1115 ex
875 1086 965 1126 Virg.
1001 1085 1124 1118 AEneid.
1155 1088 1253 1126 VIII,
1282 1095 1346 1127 '7⁰4
1367 1099 1375 1120 ε

807 1130 918 1161 Accius
937 1131 1005 1162 hoec
1031 1142 1165 1163 cernens
1187 1143 1298 1165 arcum
1324 1134 1373 1166 τή-

806 1177 956 1208 tendebat
972 1179 1102 1218 Apollo.

855 1224 886 1255 5.
917 1224 1092 1255 contrahes
1118 1233 1219 1257 vento
1241 1226 1372 1258 nimitum

806 1269 945 1300 secundo
960 1270 1104 1312 thrgida
1113 1272 1192 1302 vela
1202 1283 1214 1303 .-
1230 1273 1311 1304 redit
1328 1273 1367 1304 nd

806 1316 985 1357 allegoriam
997 1327 1092 1357 quam
1106 1318 1142 1350 in
1152 1319 1247 1351 initio
1261 1320 1372 1351 carmi-

807 1363 856 1393 nis
879 1362 1074 1395 adhibuerat.
