1456 2508
505 61 583 93 LIB.
610 62 626 93 1
650 60 739 94 ODE
761 62 886 94 XXIV.
1243 61 1306 91 103

192 122 282 161 Non
298 133 407 160 vanae
425 120 558 165 redeat
574 121 730 173 sanguis
749 121 927 173 imagini,
1278 130 1307 153 1⁵

301 185 430 230 Quam
449 182 560 234 virga
571 163 692 223 &mel
709 183 871 221 horrida
890 183 919 230 ⁶,

194 245 284 282 Non
302 243 397 281 lenis
415 242 597 295 precibus
616 244 693 282 fata
707 243 926 292 recludere,

194 303 319 355 Nigro
334 305 566 356 compulerit
582 306 801 343 Mercurius
821 305 939 356 gregi.

196 366 370 405 Durum!
391 366 469 405 Sed
486 366 608 406 levius
623 366 665 404 fit
682 366 869 418 patientia
888 378 915 413 τ,

304 426 507 479 Quidquid
523 428 719 479 corrigere
735 437 792 466 est
808 427 926 466 nefas.
1277 443 1307 458 ιο

82 553 217 596 fbrmae,
234 559 267 584 et
283 563 347 592 701
360 576 368 592 ‚
383 554 433 584 τὸν
440 552 568 596 frustra
583 563 669 584 com·
724 554 792 595 Qui
818 563 876 595 per
905 553 1061 595 piissimas
1084 563 1196 595 preces
1221 564 1306 585 nun-

85 610 208 642 prensa
247 610 364 631 manus
399 599 517 644 effitgie
548 600 669 644 imago.
724 599 821 642 quem
847 600 1036 632 exorabitur
1058 607 1096 631 ut
1113 601 1178 632 fata
1202 602 1307 632 reclu-

91 647 193 680 Pon-6
202 671 212 687 ,
231 655 269 679 ut
282 647 350 679 haec
367 648 474 689 imago
488 658 606 690 corpus
622 649 671 679 vi·
724 647 779 678 dat
789 659 798 687 ;
804 646 887 690 saca
899 655 1007 679 autem
1021 648 1187 679 recludere
1199 649 1245 680 sic
1259 659 1308 680 ac-

91 695 196 726 vemis
210 694 351 726 hominis
360 693 472 726 rurst'zs
487 693 596 733 fieret,
616 706 671 726 ne·
725 696 814 737 cipe3
833 694 1002 726 recludere
1022 695 1107 726 viam
1125 695 1306 727 inferorum

92 750 178 774 cesse
196 742 310 773 fm'sset
330 749 368 773 ut
391 741 437 773 dii
460 743 675 773 restituissent
726 743 762 773 in
775 749 970 784 perpetuum
992 742 1154 774 occlusam
1170 744 1210 774 iis
1223 754 1306 785 quos

91 789 120 820 ei
135 789 340 832 sanguinem,
354 800 443 828 ossa,
458 799 592 827 nervos,
609 796 671 821 etc.
726 789 789 820 fata
811 789 850 820 ad
879 789 1000 821 inferos
1033 790 1130 821 semel
1161 789 1304 822 detruse-

139 836 172 868 6.
186 838 292 878 Quam
301 834 403 879 ‘virgil'
411 836 513 868 semel
519 834 652 867 horride}
660 848 672 867 .·
727 843 816 869 runt.

92 882 132 914 de
141 884 320 924 Mercurio,
328 890 361 915 et
371 882 432 914 ista
445 884 513 924 ejus
528 883 671 916 ministe-
776 895 807 924 7.
830 883 943 915 Levius
956 883 1004 928 fic
1027 882 1194 926 patiencia
1215 895 1227 915 .·
1251 885 1303 916 Sic

92 931 215 962 riorum
223 938 313 973 parte
328 943 359 963 v.
370 941 395 962 s.
409 933 452 970 X,
468 941 505 971 17
519 938 551 962 et
570 931 672 963 18.-—
724 933 814 974 Virg.
835 932 1026 973 Superanda
1050 932 1155 963 omnis
1162 930 1304 976 fortuna

92 978 168 1009 Non
177 977 488 1021 lenisprecibusfata
496 978 671 1013 recludere.
715 978 858 1022 ferendo
871 986 927 1011 est.
946 979 1072 1012 AEneid.
1088 981 1130 1019 V,
1152 991 1167 1020 7
1178 990 1189 1010 1
1197 991 1230 1013 0.
