1456 2508
520 105 600 140 Lm.
626 106 677 138 111
701 104 788 138 ODE
812 105 904 138 xvt.

1247 107 1314 148 289

202 169 313 207 Purae
327 166 438 205 rivus
456 179 566 218 aquae
584 174 612 214 7,
631 165 816 216 sylvaque
831 165 1012 216 jugerum

204 231 444 273 Paucorum,
465 236 504 265 et
522 227 661 278 segetis
683 233 788 263 certa
809 225 903 264 fides
922 237 1030 274 meae,
1093 226 1095 229 “
1280 234 1313 259 3ο

199 289 424 340 Fulgentem
441 288 605 339 imperio
624 286 761 324 fertilis
781 286 924 323 Africae

303 349 415 388 Fallit
431 357 533 387 sorte
551 348 714 386 beatior.

200 412 443 462 Quamquam
461 423 533 448 nec
550 408 724 449 Calabrae
740 409 853 447 mella
871 409 1001 447 ferunt
1017 422 1108 461 apes
1123 438 1133 457 ‚

198 474 280 510 Nec
298 472 561 523 Laestrygonia
579 470 752 509 Bacchus
768 471 808 507 in
825 471 1014 521 amphora
1034 473 1050 495 ὅ

199 533 428 583 Languescit
450 532 563 579 mihi,
582 545 654 569 nec
672 531 831 583 pinguia
847 531 1003 570 Gallicis
1275 542 1307 567 35

299 595 485 632 Crescunt
502 592 645 631 vellera
662 592 834 644 pascuis3

196 656 423 704 Importuna
441 662 567 691 tamen
588 653 794 704 pauperies
814 661 829 683 ⁹
846 651 972 699 abest;

194 717 295 762 Nec,
312 715 344 752 si
363 714 475 766 plura
493 714 609 752 velim
623 743 634 762 ‚
651 722 693 752 tu
709 714 803 752 dare
820 714 996 765 deneges.

198 779 406 818 contracto
423 778 558 815 melssiis
574 790 696 829 parva
711 777 892 830 cupidine

299 838 509 889 Vectigalia
525 839 735 890 porrigam,
1269 853 1302 880 40

88 966 301 1014 flagellando,
314 966 377 999 sihi
401 977 543 1009 quaerere
565 968 667 1000 medi-

90 1021 188 1048 iamt.

100 1072 104 1079 ‘
140 1073 172 1102 7.
201 1064 296 1094 Purae
312 1061 395 1093 rivus
407 1072 505 1103 aquoe
507 1085 578 1094 ......
592 1063 667 1094 Ful-

90 1117 224 1153 gentem
250 1108 384 1151 imperio
396 1108 521 1151 senilis
543 1108 668 1151 Afficoe

90 1157 220 1188 Fallit.-
251 1157 372 1188 horum
397 1155 572 1186 verborum
594 1167 666 1187 sen-

88 1204 188 1236 tentia
211 1204 326 1236 Graece
347 1202 567 1234 nescientibus
594 1203 668 1234 obs·

89 1261 165 1282 curn
180 1258 239 1283 est.
252 1252 310 1283 Ait
328 1257 434 1282 autem
446 1249 530 1280 hanc
545 1261 667 1292 posses-

91 1299 248 1330 siunculae
270 1308 336 1330 suae
350 1299 386 1328 in
406 1297 531 1329 Sabinis
546 1305 665 1328 sortem

88 1345 253 1378 meliorem
277 1345 383 1377 multo
417 1355 452 1375 ac
486 1343 662 1376 beatiorem

88 1403 155 1424 esse
196 1393 311 1425 fertilis
347 1392 468 1423 Africae
505 1392 642 1433 imperio
653 1415 662 1431 ,

87 1440 234 1482 quamvis
255 1450 349 1479 eum,
368 1439 425 1481 qui
448 1437 495 1469 ibi
509 1439 662 1480 imperet,

86 1486 151 1518 hoc
164 1487 275 1530 fugiat.
291 1487 399 1518 Graeci
409 1485 485 1528 ergo
503 1485 549 1515 sic
562 1486 662 1517 verbo

87 1532 248 1566 λανθάνειν
274 1539 431 1571 utuntur,
447 1539 485 1563 ut
506 1534 660 1564 Horatius

86 1580 188 1613 verbo
194 1580 339 1625 fizllere,
358 1587 396 1611 nt
410 1576 570 1612 λανθὰνειν
588 1578 658 1612 τινά

89 1626 271 1674 ποιοῦμενος
293 1625 344 1666 τί,
362 1627 417 1659 ille
443 1626 581 1666 dicitur,
600 1629 659 1670 qui

84 1675 167 1718 quid
179 1676 299 1708 faciem
310 1675 408 1706 alium
422 1674 503 1704 fallit
512 1696 523 1713 ,
536 1673 600 1705 hoc
612 1682 659 1706 est

85 1722 169 1755 clim
197 1722 256 1754 illo
286 1722 363 1753 facit
388 1717 434 1752 ιε’
451 1721 539 1753 latet.
571 1722 659 1754 Male

83 1769 174 1802 bunc
186 1770 309 1808 locum,
322 1769 486 1801 Tor-rentii
502 1769 659 1810 interpre-

82 1818 224 1856 tatione,
259 1815 426 1848 intellectu
467 1815 655 1847 facillimum

83 1863 272 1903 emendare,
301 1862 387 1895 novi
419 1863 656 1904 interpunctio-

82 1922 124 1944 ne
146 1919 260 1944 notare
281 1910 459 1942 voluerunt
477 1909 650 1942 Walkefel-

81 1959 156 1991 diua
170 1965 203 1990 et
213 1958 356 1999 Diei-ing.

129 2006 162 2038 8.
178 2001 393 2048 Iaesln’gonid
411 2003 444 2034 in
463 2001 623 2046 amplior-d
637 2015 650 2035 .·

78 2054 114 2085 in
137 2051 292 2096 amphori!
318 2050 504 2090 Formiana,
525 2051 545 2082 a
572 2053 652 2083 For-

79 2101 171 2139 miis,
193 2098 316 2142 oppido
335 2099 534 2140 Campaniae,
548 2099 583 2129 in
598 2109 653 2130 cu-

76 2149 131 2188 jus
150 2148 271 2179 vicinio
287 2147 447 2188 optimum
466 2147 579 2177 vinum
597 2156 652 2176 ex-

78 2194 291 2237 primebatur.
318 2193 395 2225 Vid.
422 2203 511 2235 supr.
530 2192 592 2225 Od.
617 2194 650 2231 1,

81 2252 125 2274 20
138 2265 147 2282 ,
164 2252 217 2273 ια.
238 2240 290 2272 Ibi
303 2251 376 2271 snas
393 2239 557 2282 quondiim
569 2242 652 2271 Laes·

248 2297 277 2332 Ι.

722 968 862 1010 trigones
883 965 990 998 sedem
1014 966 1164 998 habuisse
1189 966 1303 998 dicun-

724 1022 795 1054 tur,
813 1014 956 1056 populns
975 1014 994 1045 ὲ
1008 1013 1116 1046 Sicilia
1132 1014 1303 1046 oriundus,

723 1061 925 1105 Languescit
937 1073 948 1092 .·
965 1061 1150 1099 veterascit,
1171 1067 1209 1091 ut
1224 1062 1300 1094 infr.

724 1109 787 1141 Od.
807 1110 876 1147 III,
898 1119 961 1148 αι,
978 1109 996 1139 8
1015 1118 1023 1140 ;
1048 1110 1200 1139 Promere
1224 1110 1299 1140 lan-

721 1156 875 1198 guidiora
892 1156 989 1187 vina.
1002 1173 1051 1180 —
1066 1154 1209 1197 Pinguia
1227 1157 1300 1187 'vel-

723 1203 792 1234 lem
807 1215 818 1234 .·
834 1203 940 1245 qualia
949 1209 1067 1246 gerunt
1082 1213 1158 1234 oves
1174 1203 1298 1241 Galliae,

721 1261 795 1292 quae
815 1252 952 1292 pingues
976 1257 1008 1281 et
1026 1259 1155 1288 crassae,
1170 1257 1202 1280 et
1223 1250 1298 1281 ideo

720 1299 926 1339 pretiosiores
959 1296 1181 1336 habebamur,
1218 1304 1298 1328 teste

718 1344 890 1377 Columell.
907 1346 993 1385 VII,
1010 1355 1046 1383 2,
1066 1350 1097 1382 4.

765 1403 797 1433 9.
813 1394 1004 1434 Impar-tuna
1014 1390 1192 1434 pauperies
1203 1403 1215 1421 .·
1229 1403 1295 1424 mo-

715 1439 796 1469 lesta
824 1446 857 1470 et
883 1446 1038 1471 extrema.
1054 1456 1103 1463 -
1121 1438 1294 1470 contracto

718 1486 831 1517 melitis
842 1497 950 1528 parva
974 1485 1127 1528 cupidine
1141 1487 1171 1514 V
1170 1486 1292 1529 ectiga-

717 1533 765 1564 lia
781 1534 952 1577 porrigam
969 1545 981 1565 .·
999 1533 1101 1565 verbo
1126 1540 1292 1565 contracto

714 1582 892 1623 opponitur
921 1581 1056 1613 verbum
1079 1579 1181 1618 illud,
1189 1581 1292 1622 porri-

711 1639 802 1671 gam.
822 1627 1022 1671 Vectigalia,
1041 1628 1082 1659 de
1103 1629 1221 1659 annuis
1238 1640 1289 1660 re-

717 1675 841 1706 ditibus
858 1686 942 1717 quos
961 1687 1002 1707 ex
1021 1676 1123 1718 agello
1141 1685 1202 1706 suo
1216 1687 1288 1718 per-

715 1723 795 1764 cipit
806 1746 815 1762 ,
824 1722 1029 1764 nequaquiim
1040 1723 1118 1754 veri>
1126 1722 1166 1753 de
1177 1723 1287 1764 puhli-

713 1771 758 1800 cis
776 1770 908 1801 tribntis
923 1781 996 1812 quae
1009 1770 1026 1802 ὲ
1042 1781 1075 1801 se
1087 1769 1213 1801 facilins
1229 1782 1285 1803 ex-

711 1815 865 1848 solvenda
895 1824 1017 1856 essent,
1040 1817 1194 1860 intellige.
1221 1820 1285 1851 Eo-

711 1863 782 1895 dem
792 1874 888 1895 sensu
895 1887 906 1902 ,
921 1875 984 1908 ego
994 1865 1178 1907 vectigalia
1192 1877 1284 1911 mag-

710 1922 755 1942 na
764 1935 774 1949 ‚
787 1911 986 1954 Diviciasque
997 1911 1101 1943 habeo
1111 1912 1207 1944 tribus
1215 1926 1283 1947 am-

701 1959 780 2000 plas
807 1958 951 2002 regibus,
976 1959 1053 1992 infr.
1079 1962 1144 1992 Sat.
1174 1962 1223 2002 11,
1241 1974 1280 2005 2,

711 2016 785 2038 100.
809 2007 860 2038 Sic
877 2007 913 2037 in
936 2008 1102 2039 Ciceronis
1119 2010 1280 2045 Paradox.

706 2055 754 2085 VI
765 2076 775 2092 ‚
796 2054 814 2084 3
827 2076 836 2093 ,
850 2053 993 2085 eamdem
1016 2065 1053 2085 ac
1071 2056 1190 2087 Noster
1208 2069 1281 2090 sen-

706 2101 858 2139 tentiam,
873 2101 987 2132 iisdem
1011 2102 1077 2132 sere
1099 2103 1207 2136 verbis
1222 2117 1279 2138 ex-

705 2158 846 2190 pressam
867 2149 1022 2190 reperias:
1037 2150 1094 2179 Ex
1106 2161 1178 2182 meo
1189 2155 1283 2186 tenui

707 2194 884 2237 vectigali,
919 2195 1071 2227 detractis
1104 2194 1280 2243 sumptiblſs

705 2241 888 2284 cupiditatis
896 2265 907 2280 ,
941 2243 1072 2286 aliquid
1097 2245 1196 2279 etic'zm
1231 2261 1280 2281 rc·

1067 2297 1115 2335 25
