<?xml version="1.0" encoding="UTF-8"?>
<!DOCTYPE html PUBLIC "-//W3C//DTD XHTML 1.0 Transitional//EN"
    "http://www.w3.org/TR/xhtml1/DTD/xhtml1-transitional.dtd">
<html xmlns="http://www.w3.org/1999/xhtml" xml:lang="en" lang="en">
 <head>
  <title>
</title>
<meta http-equiv="Content-Type" content="text/html;charset=utf-8" />
  <meta name='ocr-system' content='tesseract 3.04.00' />
  <meta name='ocr-capabilities' content='ocr_page ocr_carea ocr_par ocr_line ocrx_word'/>
</head>
<body>
  <div class='ocr_page' id='page_1' title='image "./quintushoratiusf01horauoft_0219.png"; bbox 0 0 1456 2508; ppageno 0'>
   <div class='ocr_carea' id='block_1_1' title="bbox 500 78 855 112">
    <p class='ocr_par' dir='ltr' id='par_1_1' title="bbox 500 78 855 112">
     <span class='ocr_line' id='line_1_1' title="bbox 500 78 855 112; baseline -0.003 0"><span class='ocrx_word' id='word_1_1' title='bbox 500 80 579 112; x_wconf 87' lang='lat' dir='ltr'><strong>LIB.</strong></span> <span class='ocrx_word' id='word_1_2' title='bbox 606 81 639 111; x_wconf 91' lang='lat'><strong>11</strong></span> <span class='ocrx_word' id='word_1_3' title='bbox 664 79 752 112; x_wconf 87' lang='lat' dir='ltr'><strong>ODE</strong></span> <span class='ocrx_word' id='word_1_4' title='bbox 775 78 855 112; x_wconf 73' lang='grc' dir='ltr'><strong>ΧΠ.</strong></span> 
     </span>
    </p>
   </div>
   <div class='ocr_carea' id='block_1_2' title="bbox 1219 77 1286 109">
    <p class='ocr_par' dir='ltr' id='par_1_2' title="bbox 1219 77 1286 109">
     <span class='ocr_line' id='line_1_2' title="bbox 1219 77 1286 109; baseline -0.015 0"><span class='ocrx_word' id='word_1_5' title='bbox 1219 77 1286 109; x_wconf 79' lang='lat'><strong>185</strong></span> 
     </span>
    </p>
   </div>
   <div class='ocr_carea' id='block_1_3' title="bbox 167 137 1288 802">
    <p class='ocr_par' dir='ltr' id='par_1_3' title="bbox 167 137 1288 802">
     <span class='ocr_line' id='line_1_3' title="bbox 167 137 953 190; baseline -0.004 -12"><span class='ocrx_word' id='word_1_6' title='bbox 167 140 374 188; x_wconf 72' lang='lat' dir='ltr'><strong>Maecenas,</strong></span> <span class='ocrx_word' id='word_1_7' title='bbox 390 138 546 185; x_wconf 75' lang='lat' dir='ltr'><strong>melius,</strong></span> <span class='ocrx_word' id='word_1_8' title='bbox 561 138 755 189; x_wconf 88' lang='lat' dir='ltr'><strong>ductaque</strong></span> <span class='ocrx_word' id='word_1_9' title='bbox 773 151 844 190; x_wconf 85' lang='lat' dir='ltr'><strong>pet·</strong></span> <span class='ocrx_word' id='word_1_10' title='bbox 857 137 953 185; x_wconf 47' lang='lat' dir='ltr'><strong>vias,</strong></span> 
     </span>
     <span class='ocr_line' id='line_1_4' title="bbox 328 199 834 251; baseline -0.006 -13"><span class='ocrx_word' id='word_1_11' title='bbox 328 202 480 251; x_wconf 83' lang='lat' dir='ltr'>Regum</span> <span class='ocrx_word' id='word_1_12' title='bbox 497 199 596 238; x_wconf 86' lang='lat' dir='ltr'><strong>colla</strong></span> <span class='ocrx_word' id='word_1_13' title='bbox 612 199 834 237; x_wconf 80' lang='lat' dir='ltr'>minacium.</span> 
     </span>
     <span class='ocr_line' id='line_1_5' title="bbox 169 258 965 309; baseline -0.004 -11"><span class='ocrx_word' id='word_1_14' title='bbox 169 261 236 298; x_wconf 88' lang='lat' dir='ltr'><strong>Me</strong></span> <span class='ocrx_word' id='word_1_15' title='bbox 255 259 385 299; x_wconf 89' lang='lat' dir='ltr'><strong>dulces</strong></span> <span class='ocrx_word' id='word_1_16' title='bbox 402 259 567 298; x_wconf 86' lang='lat' dir='ltr'><strong>dominae</strong></span> <span class='ocrx_word' id='word_1_17' title='bbox 583 262 697 297; x_wconf 85' lang='lat' dir='ltr'><strong>Musa</strong></span> <span class='ocrx_word' id='word_1_18' title='bbox 713 258 924 309; x_wconf 85' lang='lat' dir='ltr'><strong>Licymniae</strong></span> <span class='ocrx_word' id='word_1_19' title='bbox 949 258 965 288; x_wconf 70' lang='lat'><strong>4</strong></span> 
     </span>
     <span class='ocr_line' id='line_1_6' title="bbox 171 319 896 370; baseline -0.006 -9"><span class='ocrx_word' id='word_1_20' title='bbox 171 323 331 370; x_wconf 83' lang='lat' dir='ltr'><strong>Cantus,</strong></span> <span class='ocrx_word' id='word_1_21' title='bbox 353 335 414 360; x_wconf 89' lang='lat' dir='ltr'><strong>me</strong></span> <span class='ocrx_word' id='word_1_22' title='bbox 434 322 559 360; x_wconf 86' lang='lat' dir='ltr'><strong>voluit</strong></span> <span class='ocrx_word' id='word_1_23' title='bbox 578 321 707 358; x_wconf 83' lang='lat' dir='ltr'>dicere</span> <span class='ocrx_word' id='word_1_24' title='bbox 723 319 896 358; x_wconf 89' lang='lat' dir='ltr'><strong>lucidum</strong></span> 
     </span>
     <span class='ocr_line' id='line_1_7' title="bbox 172 381 1288 434; baseline -0.004 -13"><span class='ocrx_word' id='word_1_25' title='bbox 172 383 377 434; x_wconf 85' lang='lat' dir='ltr'><strong>Fulgentes</strong></span> <span class='ocrx_word' id='word_1_26' title='bbox 397 383 547 430; x_wconf 87' lang='lat' dir='ltr'><strong>oculos,</strong></span> <span class='ocrx_word' id='word_1_27' title='bbox 564 390 603 420; x_wconf 90' lang='lat' dir='ltr'><strong>et</strong></span> <span class='ocrx_word' id='word_1_28' title='bbox 615 382 715 420; x_wconf 77' lang='lat' dir='ltr'><strong>bene</strong></span> <span class='ocrx_word' id='word_1_29' title='bbox 734 381 878 419; x_wconf 87' lang='lat' dir='ltr'><strong>mutuis</strong></span> <span class='ocrx_word' id='word_1_30' title='bbox 1256 387 1288 412; x_wconf 67' lang='grc' dir='ltr'><strong>ιε</strong></span> 
     </span>
     <span class='ocr_line' id='line_1_8' title="bbox 332 442 872 496; baseline -0.007 -14"><span class='ocrx_word' id='word_1_31' title='bbox 332 444 471 483; x_wconf 89' lang='lat' dir='ltr'>Fidum</span> <span class='ocrx_word' id='word_1_32' title='bbox 490 453 625 496; x_wconf 87' lang='lat' dir='ltr'><strong>pectus</strong></span> <span class='ocrx_word' id='word_1_33' title='bbox 643 442 842 482; x_wconf 85' lang='lat' dir='ltr'><strong>amoribus</strong></span> <span class='ocrx_word' id='word_1_34' title='bbox 863 457 872 479; x_wconf 92' lang='lat'><strong>:</strong></span> 
     </span>
     <span class='ocr_line' id='line_1_9' title="bbox 174 501 1059 558; baseline -0.006 -14"><span class='ocrx_word' id='word_1_35' title='bbox 174 507 300 553; x_wconf 87' lang='lat' dir='ltr'><strong>Quam</strong></span> <span class='ocrx_word' id='word_1_36' title='bbox 317 520 388 543; x_wconf 85' lang='lat' dir='ltr'><strong>nec</strong></span> <span class='ocrx_word' id='word_1_37' title='bbox 407 506 509 544; x_wconf 85' lang='lat' dir='ltr'><strong>ferre</strong></span> <span class='ocrx_word' id='word_1_38' title='bbox 527 505 666 558; x_wconf 89' lang='lat' dir='ltr'><strong>pedem</strong></span> <span class='ocrx_word' id='word_1_39' title='bbox 682 504 862 543; x_wconf 86' lang='lat' dir='ltr'>dedecuit</span> <span class='ocrx_word' id='word_1_40' title='bbox 879 502 893 526; x_wconf 79' lang='lat'><em>5</em></span> <span class='ocrx_word' id='word_1_41' title='bbox 909 501 1038 540; x_wconf 84' lang='lat' dir='ltr'><strong>choris</strong></span> <span class='ocrx_word' id='word_1_42' title='bbox 1049 531 1059 549; x_wconf 93' lang='lat'>,</span> 
     </span>
     <span class='ocr_line' id='line_1_10' title="bbox 173 564 921 619; baseline -0.005 -14"><span class='ocrx_word' id='word_1_43' title='bbox 173 569 256 605; x_wconf 87' lang='lat' dir='ltr'><strong>Nec</strong></span> <span class='ocrx_word' id='word_1_44' title='bbox 274 577 424 606; x_wconf 82' lang='lat' dir='ltr'><strong>certare</strong></span> <span class='ocrx_word' id='word_1_45' title='bbox 437 567 527 619; x_wconf 88' lang='lat' dir='ltr'><strong>joco</strong></span> <span class='ocrx_word' id='word_1_46' title='bbox 538 596 548 614; x_wconf 90' lang='lat'>‚</span> <span class='ocrx_word' id='word_1_47' title='bbox 564 581 635 604; x_wconf 87' lang='lat' dir='ltr'><strong>nec</strong></span> <span class='ocrx_word' id='word_1_48' title='bbox 652 567 745 604; x_wconf 86' lang='lat' dir='ltr'><strong>dare</strong></span> <span class='ocrx_word' id='word_1_49' title='bbox 758 564 921 603; x_wconf 81' lang='lat' dir='ltr'><strong>brachia</strong></span> 
     </span>
     <span class='ocr_line' id='line_1_11' title="bbox 174 627 914 680; baseline -0.004 -14"><span class='ocrx_word' id='word_1_50' title='bbox 174 628 389 666; x_wconf 88' lang='lat' dir='ltr'><strong>Ludentem</strong></span> <span class='ocrx_word' id='word_1_51' title='bbox 403 628 535 667; x_wconf 88' lang='lat' dir='ltr'><strong>nitidis</strong></span> <span class='ocrx_word' id='word_1_52' title='bbox 553 627 790 680; x_wconf 81' lang='lat' dir='ltr'><strong>virginibus,</strong></span> <span class='ocrx_word' id='word_1_53' title='bbox 804 639 914 665; x_wconf 88' lang='lat' dir='ltr'><strong>sacro</strong></span> 
     </span>
     <span class='ocr_line' id='line_1_12' title="bbox 333 689 1287 728; baseline 0 -1"><span class='ocrx_word' id='word_1_54' title='bbox 333 690 467 728; x_wconf 84' lang='lat' dir='ltr'><strong>Dianae</strong></span> <span class='ocrx_word' id='word_1_55' title='bbox 487 689 649 728; x_wconf 88' lang='lat' dir='ltr'><strong>celebris</strong></span> <span class='ocrx_word' id='word_1_56' title='bbox 669 689 742 727; x_wconf 80' lang='lat' dir='ltr'><strong>die.</strong></span> <span class='ocrx_word' id='word_1_57' title='bbox 1255 704 1287 720; x_wconf 77' lang='grc' dir='ltr'><strong>ιο</strong></span> 
     </span>
     <span class='ocr_line' id='line_1_13' title="bbox 173 747 1050 802; baseline -0.003 -13"><span class='ocrx_word' id='word_1_58' title='bbox 173 751 277 789; x_wconf 76' lang='lat' dir='ltr'><strong>Num</strong></span> <span class='ocrx_word' id='word_1_59' title='bbox 296 759 358 799; x_wconf 88' lang='lat' dir='ltr'><strong>tu,</strong></span> <span class='ocrx_word' id='word_1_60' title='bbox 377 765 464 802; x_wconf 84' lang='lat' dir='ltr'><strong>quae</strong></span> <span class='ocrx_word' id='word_1_61' title='bbox 484 752 606 790; x_wconf 89' lang='lat' dir='ltr'><strong>tenuit</strong></span> <span class='ocrx_word' id='word_1_62' title='bbox 627 751 734 789; x_wconf 81' lang='lat' dir='ltr'><strong>dives</strong></span> <span class='ocrx_word' id='word_1_63' title='bbox 755 749 1004 788; x_wconf 76' lang='lat' dir='ltr'><strong>Achaemenes</strong></span> <span class='ocrx_word' id='word_1_64' title='bbox 1022 747 1050 795; x_wconf 78' lang='lat'><strong>⁶,</strong></span> 
     </span>
    </p>
   </div>
   <div class='ocr_carea' id='block_1_4' title="bbox 63 899 655 2260">
    <p class='ocr_par' dir='ltr' id='par_1_4' title="bbox 65 899 652 1218">
     <span class='ocr_line' id='line_1_14' title="bbox 65 899 649 944; baseline 0.003 -12"><span class='ocrx_word' id='word_1_65' title='bbox 65 899 229 943; x_wconf 80' lang='lat' dir='ltr'><em>pedestri,</em></span> <span class='ocrx_word' id='word_1_66' title='bbox 247 901 312 933; x_wconf 81' lang='lat' dir='ltr'><strong>Ars</strong></span> <span class='ocrx_word' id='word_1_67' title='bbox 327 908 414 944; x_wconf 85' lang='lat' dir='ltr'><strong>poet.</strong></span> <span class='ocrx_word' id='word_1_68' title='bbox 431 902 488 943; x_wconf 82' lang='lat'><strong>95.</strong></span> <span class='ocrx_word' id='word_1_69' title='bbox 502 920 549 926; x_wconf 91' lang='lat'><strong>—-—</strong></span> <span class='ocrx_word' id='word_1_70' title='bbox 562 904 649 934; x_wconf 86' lang='lat' dir='ltr'><strong>Duc-</strong></span> 
     </span>
     <span class='ocr_line' id='line_1_15' title="bbox 69 948 648 991; baseline 0.002 -12"><span class='ocrx_word' id='word_1_71' title='bbox 69 956 168 990; x_wconf 80' lang='lat' dir='ltr'><strong>taque</strong></span> <span class='ocrx_word' id='word_1_72' title='bbox 174 958 239 990; x_wconf 83' lang='lat' dir='ltr'><strong>per</strong></span> <span class='ocrx_word' id='word_1_73' title='bbox 247 948 326 980; x_wconf 82' lang='lat' dir='ltr'><strong>vias</strong></span> <span class='ocrx_word' id='word_1_74' title='bbox 341 959 353 979; x_wconf 91' lang='lat'><strong>.·</strong></span> <span class='ocrx_word' id='word_1_75' title='bbox 369 959 459 991; x_wconf 84' lang='lat' dir='ltr'><strong>reges</strong></span> <span class='ocrx_word' id='word_1_76' title='bbox 469 972 478 987; x_wconf 93' lang='lat'><strong>‚</strong></span> <span class='ocrx_word' id='word_1_77' title='bbox 496 949 580 981; x_wconf 90' lang='lat' dir='ltr'><strong>collo</strong></span> <span class='ocrx_word' id='word_1_78' title='bbox 600 961 648 980; x_wconf 93' lang='lat' dir='ltr'><strong>ca-</strong></span> 
     </span>
     <span class='ocr_line' id='line_1_16' title="bbox 70 997 649 1038; baseline 0.002 -11"><span class='ocrx_word' id='word_1_79' title='bbox 70 1002 158 1027; x_wconf 83' lang='lat' dir='ltr'><strong>tenas</strong></span> <span class='ocrx_word' id='word_1_80' title='bbox 180 1003 345 1038; x_wconf 77' lang='lat' dir='ltr'>gerentes,</span> <span class='ocrx_word' id='word_1_81' title='bbox 358 1006 419 1037; x_wconf 87' lang='lat' dir='ltr'><strong>per</strong></span> <span class='ocrx_word' id='word_1_82' title='bbox 443 997 512 1027; x_wconf 79' lang='lat' dir='ltr'><strong>vias</strong></span> <span class='ocrx_word' id='word_1_83' title='bbox 536 999 649 1028; x_wconf 86' lang='lat' dir='ltr'><strong>Romae</strong></span> 
     </span>
     <span class='ocr_line' id='line_1_17' title="bbox 70 1042 648 1085; baseline 0.002 -11"><span class='ocrx_word' id='word_1_84' title='bbox 70 1043 108 1074; x_wconf 83' lang='lat' dir='ltr'><strong>iu</strong></span> <span class='ocrx_word' id='word_1_85' title='bbox 119 1043 285 1085; x_wconf 82' lang='lat' dir='ltr'><strong>triumpho</strong></span> <span class='ocrx_word' id='word_1_86' title='bbox 293 1043 384 1074; x_wconf 85' lang='lat' dir='ltr'><strong>ducti</strong></span> <span class='ocrx_word' id='word_1_87' title='bbox 398 1042 439 1073; x_wconf 82' lang='lat' dir='ltr'><strong>ad</strong></span> <span class='ocrx_word' id='word_1_88' title='bbox 448 1044 648 1085; x_wconf 86' lang='lat' dir='ltr'><strong>capitolium,</strong></span> 
     </span>
     <span class='ocr_line' id='line_1_18' title="bbox 71 1089 651 1134; baseline 0.003 -13"><span class='ocrx_word' id='word_1_89' title='bbox 71 1089 124 1121; x_wconf 81' lang='lat' dir='ltr'><strong>vel</strong></span> <span class='ocrx_word' id='word_1_90' title='bbox 137 1090 174 1122; x_wconf 87' lang='lat' dir='ltr'><strong>in</strong></span> <span class='ocrx_word' id='word_1_91' title='bbox 187 1089 320 1134; x_wconf 67' lang='lat' dir='ltr'><strong>indigna</strong></span> <span class='ocrx_word' id='word_1_92' title='bbox 334 1097 421 1121; x_wconf 84' lang='lat' dir='ltr'><strong>sorte</strong></span> <span class='ocrx_word' id='word_1_93' title='bbox 435 1092 539 1121; x_wconf 85' lang='lat' dir='ltr'><strong>minas</strong></span> <span class='ocrx_word' id='word_1_94' title='bbox 557 1092 651 1123; x_wconf 88' lang='lat' dir='ltr'><strong>vultu</strong></span> 
     </span>
     <span class='ocr_line' id='line_1_19' title="bbox 70 1137 652 1180; baseline 0.003 -12"><span class='ocrx_word' id='word_1_95' title='bbox 70 1137 296 1180; x_wconf 62' lang='lat' dir='ltr'><strong>praeferentes,</strong></span> <span class='ocrx_word' id='word_1_96' title='bbox 317 1137 498 1169; x_wconf 84' lang='lat' dir='ltr'><strong>victoribus</strong></span> <span class='ocrx_word' id='word_1_97' title='bbox 519 1139 584 1170; x_wconf 86' lang='lat' dir='ltr'><strong>suis</strong></span> <span class='ocrx_word' id='word_1_98' title='bbox 602 1139 652 1170; x_wconf 79' lang='lat' dir='ltr'><strong>iu·</strong></span> 
     </span>
     <span class='ocr_line' id='line_1_20' title="bbox 68 1184 235 1218; baseline 0 0"><span class='ocrx_word' id='word_1_99' title='bbox 68 1184 235 1218; x_wconf 75' lang='lat' dir='ltr'>saltantes.</span> 
     </span>
    </p>

    <p class='ocr_par' dir='ltr' id='par_1_5' title="bbox 63 1233 655 2260">
     <span class='ocr_line' id='line_1_21' title="bbox 116 1233 649 1275; baseline 0.002 -11"><span class='ocrx_word' id='word_1_100' title='bbox 116 1238 149 1270; x_wconf 77' lang='lat'><strong>4.</strong></span> <span class='ocrx_word' id='word_1_101' title='bbox 169 1233 322 1264; x_wconf 71' lang='lat' dir='ltr'><strong>Domina·</strong></span> <span class='ocrx_word' id='word_1_102' title='bbox 349 1233 528 1275; x_wconf 76' lang='lat' dir='ltr'><strong>Licymniae</strong></span> <span class='ocrx_word' id='word_1_103' title='bbox 546 1244 558 1264; x_wconf 90' lang='lat'><strong>.·</strong></span> <span class='ocrx_word' id='word_1_104' title='bbox 586 1244 649 1265; x_wconf 87' lang='lat' dir='ltr'><strong>am-</strong></span> 
     </span>
     <span class='ocr_line' id='line_1_22' title="bbox 69 1278 649 1324; baseline 0.003 -14"><span class='ocrx_word' id='word_1_105' title='bbox 69 1278 192 1323; x_wconf 86' lang='lat' dir='ltr'><strong>bigitur</strong></span> <span class='ocrx_word' id='word_1_106' title='bbox 205 1281 292 1312; x_wconf 87' lang='lat' dir='ltr'><strong>inter</strong></span> <span class='ocrx_word' id='word_1_107' title='bbox 306 1282 497 1324; x_wconf 81' lang='lat' dir='ltr'><strong>interpretes</strong></span> <span class='ocrx_word' id='word_1_108' title='bbox 517 1291 591 1323; x_wconf 86' lang='lat' dir='ltr'><strong>quae</strong></span> <span class='ocrx_word' id='word_1_109' title='bbox 605 1292 649 1312; x_wconf 85' lang='lat' dir='ltr'><strong>es-</strong></span> 
     </span>
     <span class='ocr_line' id='line_1_23' title="bbox 69 1327 649 1369; baseline 0.003 -11"><span class='ocrx_word' id='word_1_110' title='bbox 69 1333 118 1358; x_wconf 73' lang='lat' dir='ltr'><strong>set.</strong></span> <span class='ocrx_word' id='word_1_111' title='bbox 139 1327 195 1359; x_wconf 68' lang='lat' dir='ltr'><strong>illa</strong></span> <span class='ocrx_word' id='word_1_112' title='bbox 217 1327 388 1369; x_wconf 69' lang='lat' dir='ltr'><strong>Licymnia</strong></span> <span class='ocrx_word' id='word_1_113' title='bbox 412 1330 466 1360; x_wconf 88' lang='lat' dir='ltr'><strong>cui</strong></span> <span class='ocrx_word' id='word_1_114' title='bbox 480 1328 649 1360; x_wconf 80' lang='lat' dir='ltr'><strong>laudandae</strong></span> 
     </span>
     <span class='ocr_line' id='line_1_24' title="bbox 70 1374 651 1415; baseline 0 -9"><span class='ocrx_word' id='word_1_115' title='bbox 70 1379 176 1406; x_wconf 85' lang='lat' dir='ltr'><strong>totum</strong></span> <span class='ocrx_word' id='word_1_116' title='bbox 187 1385 220 1406; x_wconf 81' lang='lat' dir='ltr'><strong>se</strong></span> <span class='ocrx_word' id='word_1_117' title='bbox 233 1374 372 1408; x_wconf 82' lang='lat' dir='ltr'><strong>devovet</strong></span> <span class='ocrx_word' id='word_1_118' title='bbox 385 1377 539 1408; x_wconf 86' lang='lat' dir='ltr'><strong>Horatius</strong></span> <span class='ocrx_word' id='word_1_119' title='bbox 550 1387 559 1415; x_wconf 93' lang='lat'>;</span> <span class='ocrx_word' id='word_1_120' title='bbox 576 1376 651 1415; x_wconf 86' lang='lat' dir='ltr'><strong>alii,</strong></span> 
     </span>
     <span class='ocr_line' id='line_1_25' title="bbox 70 1422 648 1463; baseline 0.003 -11"><span class='ocrx_word' id='word_1_121' title='bbox 70 1427 110 1452; x_wconf 82' lang='lat' dir='ltr'><strong>ut</strong></span> <span class='ocrx_word' id='word_1_122' title='bbox 121 1422 291 1454; x_wconf 78' lang='lat' dir='ltr'><strong>Dacierius</strong></span> <span class='ocrx_word' id='word_1_123' title='bbox 302 1447 312 1463; x_wconf 83' lang='lat'><strong>,</strong></span> <span class='ocrx_word' id='word_1_124' title='bbox 327 1424 459 1454; x_wconf 79' lang='lat' dir='ltr'><strong>Liciniae</strong></span> <span class='ocrx_word' id='word_1_125' title='bbox 472 1424 632 1455; x_wconf 87' lang='lat' dir='ltr'><strong>Terentiae</strong></span> <span class='ocrx_word' id='word_1_126' title='bbox 640 1446 648 1462; x_wconf 92' lang='lat'><em>‚</em></span> 
     </span>
     <span class='ocr_line' id='line_1_26' title="bbox 71 1470 651 1513; baseline 0.002 -13"><span class='ocrx_word' id='word_1_127' title='bbox 71 1479 144 1511; x_wconf 83' lang='lat' dir='ltr'><strong>quae</strong></span> <span class='ocrx_word' id='word_1_128' title='bbox 164 1470 263 1512; x_wconf 78' lang='lat' dir='ltr'><strong>paulo</strong></span> <span class='ocrx_word' id='word_1_129' title='bbox 286 1478 360 1512; x_wconf 90' lang='lat' dir='ltr'><strong>post</strong></span> <span class='ocrx_word' id='word_1_130' title='bbox 381 1472 552 1502; x_wconf 73' lang='lat' dir='ltr'><strong>Maecenati</strong></span> <span class='ocrx_word' id='word_1_131' title='bbox 567 1481 651 1513; x_wconf 91' lang='lat' dir='ltr'><strong>nup-</strong></span> 
     </span>
     <span class='ocr_line' id='line_1_27' title="bbox 70 1516 650 1557; baseline 0.003 -10"><span class='ocrx_word' id='word_1_132' title='bbox 70 1516 112 1548; x_wconf 73' lang='lat' dir='ltr'><strong>sit</strong></span> <span class='ocrx_word' id='word_1_133' title='bbox 122 1539 133 1555; x_wconf 87' lang='lat'><strong>,</strong></span> <span class='ocrx_word' id='word_1_134' title='bbox 145 1527 267 1549; x_wconf 87' lang='lat' dir='ltr'><strong>nomen</strong></span> <span class='ocrx_word' id='word_1_135' title='bbox 277 1540 287 1557; x_wconf 92' lang='lat'><strong>,</strong></span> <span class='ocrx_word' id='word_1_136' title='bbox 314 1518 379 1549; x_wconf 82' lang='lat' dir='ltr'><strong>levi</strong></span> <span class='ocrx_word' id='word_1_137' title='bbox 407 1519 585 1549; x_wconf 81' lang='lat' dir='ltr'><strong>mutatione</strong></span> <span class='ocrx_word' id='word_1_138' title='bbox 614 1519 650 1550; x_wconf 88' lang='lat' dir='ltr'><strong>in</strong></span> 
     </span>
     <span class='ocr_line' id='line_1_28' title="bbox 70 1563 650 1606; baseline 0 -10"><span class='ocrx_word' id='word_1_139' title='bbox 70 1563 247 1606; x_wconf 70' lang='lat' dir='ltr'><strong>Iicymniae</strong></span> <span class='ocrx_word' id='word_1_140' title='bbox 293 1575 415 1596; x_wconf 87' lang='lat' dir='ltr'><strong>nomen</strong></span> <span class='ocrx_word' id='word_1_141' title='bbox 455 1575 650 1596; x_wconf 88' lang='lat' dir='ltr'><strong>conversum</strong></span> 
     </span>
     <span class='ocr_line' id='line_1_29' title="bbox 72 1612 650 1652; baseline 0 -10"><span class='ocrx_word' id='word_1_142' title='bbox 72 1618 208 1652; x_wconf 73' lang='lat' dir='ltr'><strong>putaut3</strong></span> <span class='ocrx_word' id='word_1_143' title='bbox 223 1612 279 1643; x_wconf 73' lang='lat' dir='ltr'><strong>alii</strong></span> <span class='ocrx_word' id='word_1_144' title='bbox 289 1635 298 1650; x_wconf 92' lang='lat'><strong>,</strong></span> <span class='ocrx_word' id='word_1_145' title='bbox 315 1619 354 1643; x_wconf 91' lang='lat' dir='ltr'><strong>ut</strong></span> <span class='ocrx_word' id='word_1_146' title='bbox 367 1612 555 1650; x_wconf 86' lang='lat' dir='ltr'><strong>Turnebus,</strong></span> <span class='ocrx_word' id='word_1_147' title='bbox 576 1623 650 1643; x_wconf 91' lang='lat' dir='ltr'><strong>mu-</strong></span> 
     </span>
     <span class='ocr_line' id='line_1_30' title="bbox 70 1657 650 1692; baseline 0.003 -4"><span class='ocrx_word' id='word_1_148' title='bbox 70 1657 237 1690; x_wconf 80' lang='lat' dir='ltr'><strong>lierculam</strong></span> <span class='ocrx_word' id='word_1_149' title='bbox 248 1661 420 1692; x_wconf 85' lang='lat' dir='ltr'><strong>Maecenati</strong></span> <span class='ocrx_word' id='word_1_150' title='bbox 429 1659 579 1691; x_wconf 81' lang='lat' dir='ltr'><strong>dilectam</strong></span> <span class='ocrx_word' id='word_1_151' title='bbox 588 1659 650 1690; x_wconf 84' lang='lat' dir='ltr'><strong>sub</strong></span> 
     </span>
     <span class='ocr_line' id='line_1_31' title="bbox 73 1704 653 1749; baseline 0 -12"><span class='ocrx_word' id='word_1_152' title='bbox 73 1704 187 1737; x_wconf 76' lang='lat' dir='ltr'><strong>eodem</strong></span> <span class='ocrx_word' id='word_1_153' title='bbox 205 1707 380 1749; x_wconf 60' lang='lat' dir='ltr'><strong>naymniae</strong></span> <span class='ocrx_word' id='word_1_154' title='bbox 403 1707 536 1737; x_wconf 86' lang='lat' dir='ltr'><strong>nomine</strong></span> <span class='ocrx_word' id='word_1_155' title='bbox 559 1707 653 1737; x_wconf 86' lang='lat' dir='ltr'><strong>intel-</strong></span> 
     </span>
     <span class='ocr_line' id='line_1_32' title="bbox 63 1750 652 1830; baseline 0.003 -47"><span class='ocrx_word' id='word_1_156' title='bbox 63 1750 195 1830; x_wconf 48' lang='grc' dir='ltr'><strong>ἕσας</strong></span> <span class='ocrx_word' id='word_1_157' title='bbox 219 1753 345 1786; x_wconf 84' lang='lat' dir='ltr'><strong>Sanado</strong></span> <span class='ocrx_word' id='word_1_158' title='bbox 369 1759 402 1784; x_wconf 88' lang='lat' dir='ltr'><strong>et</strong></span> <span class='ocrx_word' id='word_1_159' title='bbox 431 1752 652 1785; x_wconf 81' lang='lat' dir='ltr'><strong>Mitscherlich</strong></span> 
     </span>
     <span class='ocr_line' id='line_1_33' title="bbox 71 1799 652 1843; baseline 0.002 -12"><span class='ocrx_word' id='word_1_160' title='bbox 71 1803 74 1805; x_wconf 72' lang='grc'><strong>’</strong></span> <span class='ocrx_word' id='word_1_161' title='bbox 142 1799 242 1831; x_wconf 59' lang='lat' dir='ltr'><strong>amica</strong></span> <span class='ocrx_word' id='word_1_162' title='bbox 263 1801 366 1843; x_wconf 83' lang='lat' dir='ltr'><strong>ipsius</strong></span> <span class='ocrx_word' id='word_1_163' title='bbox 389 1801 515 1831; x_wconf 84' lang='lat' dir='ltr'><strong>Horatii</strong></span> <span class='ocrx_word' id='word_1_164' title='bbox 538 1802 587 1843; x_wconf 87' lang='lat' dir='ltr'><strong>agi</strong></span> <span class='ocrx_word' id='word_1_165' title='bbox 606 1811 652 1832; x_wconf 89' lang='lat' dir='ltr'><strong>ar-</strong></span> 
     </span>
     <span class='ocr_line' id='line_1_34' title="bbox 73 1845 651 1890; baseline 0 -12"><span class='ocrx_word' id='word_1_166' title='bbox 73 1845 247 1879; x_wconf 79' lang='lat' dir='ltr'><strong>bitrantur.</strong></span> <span class='ocrx_word' id='word_1_167' title='bbox 282 1849 427 1889; x_wconf 84' lang='lat' dir='ltr'><strong>Uterque</strong></span> <span class='ocrx_word' id='word_1_168' title='bbox 463 1849 651 1890; x_wconf 87' lang='lat' dir='ltr'><strong>opinionem</strong></span> 
     </span>
     <span class='ocr_line' id='line_1_35' title="bbox 72 1893 652 1937; baseline 0.003 -13"><span class='ocrx_word' id='word_1_169' title='bbox 72 1903 163 1927; x_wconf 73' lang='lat' dir='ltr'><strong>suam</strong></span> <span class='ocrx_word' id='word_1_170' title='bbox 178 1893 276 1937; x_wconf 69' lang='lat' dir='ltr'><strong>longa</strong></span> <span class='ocrx_word' id='word_1_171' title='bbox 291 1902 556 1936; x_wconf 83' lang='lat' dir='ltr'><strong>argumentorum</strong></span> <span class='ocrx_word' id='word_1_172' title='bbox 571 1897 652 1927; x_wconf 86' lang='lat' dir='ltr'><strong>serie</strong></span> 
     </span>
     <span class='ocr_line' id='line_1_36' title="bbox 75 1940 652 1984; baseline 0.003 -12"><span class='ocrx_word' id='word_1_173' title='bbox 75 1940 223 1980; x_wconf 73' lang='lat' dir='ltr'><strong>fulcivit,</strong></span> <span class='ocrx_word' id='word_1_174' title='bbox 245 1952 319 1984; x_wconf 83' lang='lat' dir='ltr'><strong>quae</strong></span> <span class='ocrx_word' id='word_1_175' title='bbox 342 1942 423 1973; x_wconf 86' lang='lat' dir='ltr'><strong>mihi</strong></span> <span class='ocrx_word' id='word_1_176' title='bbox 440 1953 508 1974; x_wconf 87' lang='lat' dir='ltr'><strong>rem</strong></span> <span class='ocrx_word' id='word_1_177' title='bbox 533 1944 652 1975; x_wconf 74' lang='lat' dir='ltr'><strong>attente</strong></span> 
     </span>
     <span class='ocr_line' id='line_1_37' title="bbox 73 1987 655 2031; baseline 0.003 -12"><span class='ocrx_word' id='word_1_178' title='bbox 73 1987 288 2031; x_wconf 82' lang='lat' dir='ltr'><strong>perpendenti</strong></span> <span class='ocrx_word' id='word_1_179' title='bbox 312 1988 411 2020; x_wconf 83' lang='lat' dir='ltr'><strong>fidem</strong></span> <span class='ocrx_word' id='word_1_180' title='bbox 431 1990 566 2022; x_wconf 84' lang='lat' dir='ltr'><strong>faciunt.</strong></span> <span class='ocrx_word' id='word_1_181' title='bbox 591 1991 655 2023; x_wconf 91' lang='lat' dir='ltr'><strong>Cui</strong></span> 
     </span>
     <span class='ocr_line' id='line_1_38' title="bbox 73 2035 651 2078; baseline 0.003 -11"><span class='ocrx_word' id='word_1_182' title='bbox 73 2035 161 2068; x_wconf 79' lang='lat' dir='ltr'><strong>enim</strong></span> <span class='ocrx_word' id='word_1_183' title='bbox 173 2046 364 2078; x_wconf 78' lang='lat' dir='ltr'><strong>persuasum</strong></span> <span class='ocrx_word' id='word_1_184' title='bbox 379 2038 442 2068; x_wconf 85' lang='lat' dir='ltr'><strong>erit</strong></span> <span class='ocrx_word' id='word_1_185' title='bbox 464 2038 651 2077; x_wconf 79' lang='lat' dir='ltr'><strong>Horatium,</strong></span> 
     </span>
     <span class='ocr_line' id='line_1_39' title="bbox 75 2081 653 2125; baseline 0.003 -10"><span class='ocrx_word' id='word_1_186' title='bbox 75 2081 117 2115; x_wconf 76' lang='lat' dir='ltr'><strong>de</strong></span> <span class='ocrx_word' id='word_1_187' title='bbox 129 2082 238 2115; x_wconf 67' lang='lat' dir='ltr'><strong>futura</strong></span> <span class='ocrx_word' id='word_1_188' title='bbox 252 2085 382 2125; x_wconf 84' lang='lat' dir='ltr'><strong>patroni</strong></span> <span class='ocrx_word' id='word_1_189' title='bbox 397 2086 449 2115; x_wconf 88' lang='lat' dir='ltr'><strong>sui</strong></span> <span class='ocrx_word' id='word_1_190' title='bbox 461 2095 565 2116; x_wconf 84' lang='lat' dir='ltr'><strong>uxore</strong></span> <span class='ocrx_word' id='word_1_191' title='bbox 575 2107 584 2124; x_wconf 90' lang='lat'><strong>‚</strong></span> <span class='ocrx_word' id='word_1_192' title='bbox 600 2086 653 2117; x_wconf 86' lang='lat' dir='ltr'><strong>vel</strong></span> 
     </span>
     <span class='ocr_line' id='line_1_40' title="bbox 74 2129 654 2171; baseline 0.003 -9"><span class='ocrx_word' id='word_1_193' title='bbox 74 2131 172 2162; x_wconf 76' lang='lat' dir='ltr'><strong>etiam</strong></span> <span class='ocrx_word' id='word_1_194' title='bbox 185 2129 225 2161; x_wconf 88' lang='lat' dir='ltr'><strong>de</strong></span> <span class='ocrx_word' id='word_1_195' title='bbox 241 2130 354 2171; x_wconf 71' lang='lat' dir='ltr'><strong>amica,</strong></span> <span class='ocrx_word' id='word_1_196' title='bbox 368 2131 433 2162; x_wconf 74' lang='lat' dir='ltr'><strong>tam</strong></span> <span class='ocrx_word' id='word_1_197' title='bbox 441 2132 572 2171; x_wconf 80' lang='lat' dir='ltr'><strong>leviter,</strong></span> <span class='ocrx_word' id='word_1_198' title='bbox 588 2131 654 2164; x_wconf 73' lang='lat' dir='ltr'><strong>tam</strong></span> 
     </span>
     <span class='ocr_line' id='line_1_41' title="bbox 74 2178 653 2222; baseline 0.003 -12"><span class='ocrx_word' id='word_1_199' title='bbox 74 2178 228 2210; x_wconf 64' lang='lat' dir='ltr'><strong>amatorie</strong></span> <span class='ocrx_word' id='word_1_200' title='bbox 242 2178 350 2220; x_wconf 83' lang='lat' dir='ltr'><strong>eloqui</strong></span> <span class='ocrx_word' id='word_1_201' title='bbox 363 2181 505 2222; x_wconf 85' lang='lat' dir='ltr'><strong>potuisse</strong></span> <span class='ocrx_word' id='word_1_202' title='bbox 513 2201 522 2218; x_wconf 92' lang='lat'><strong>,</strong></span> <span class='ocrx_word' id='word_1_203' title='bbox 533 2186 572 2210; x_wconf 85' lang='lat' dir='ltr'><strong>ut</strong></span> <span class='ocrx_word' id='word_1_204' title='bbox 584 2190 653 2212; x_wconf 86' lang='lat' dir='ltr'><strong>non</strong></span> 
     </span>
     <span class='ocr_line' id='line_1_42' title="bbox 73 2224 652 2260; baseline 0.003 -3"><span class='ocrx_word' id='word_1_205' title='bbox 73 2224 181 2258; x_wconf 70' lang='lat' dir='ltr'><strong>solam</strong></span> <span class='ocrx_word' id='word_1_206' title='bbox 195 2225 283 2258; x_wconf 88' lang='lat' dir='ltr'><strong>illam</strong></span> <span class='ocrx_word' id='word_1_207' title='bbox 298 2233 479 2258; x_wconf 83' lang='lat' dir='ltr'><strong>cantantem</strong></span> <span class='ocrx_word' id='word_1_208' title='bbox 491 2233 524 2258; x_wconf 85' lang='lat' dir='ltr'><strong>et</strong></span> <span class='ocrx_word' id='word_1_209' title='bbox 537 2226 652 2260; x_wconf 80' lang='lat' dir='ltr'><strong>saltan-</strong></span> 
     </span>
    </p>
   </div>
   <div class='ocr_carea' id='block_1_5' title="bbox 693 900 1289 2261">
    <p class='ocr_par' dir='ltr' id='par_1_6' title="bbox 693 900 1288 1324">
     <span class='ocr_line' id='line_1_43' title="bbox 701 900 1287 943; baseline -0.003 -10"><span class='ocrx_word' id='word_1_210' title='bbox 701 909 764 933; x_wconf 88' lang='lat' dir='ltr'><strong>tem</strong></span> <span class='ocrx_word' id='word_1_211' title='bbox 773 926 782 941; x_wconf 90' lang='lat'>‚</span> <span class='ocrx_word' id='word_1_212' title='bbox 802 901 858 933; x_wconf 81' lang='lat' dir='ltr'><strong>sed</strong></span> <span class='ocrx_word' id='word_1_213' title='bbox 870 903 966 933; x_wconf 87' lang='lat' dir='ltr'><strong>etiam</strong></span> <span class='ocrx_word' id='word_1_214' title='bbox 975 900 1086 933; x_wconf 84' lang='lat' dir='ltr'><strong>oscula</strong></span> <span class='ocrx_word' id='word_1_215' title='bbox 1098 900 1287 943; x_wconf 80' lang='lat' dir='ltr'><strong>praeripien-</strong></span> 
     </span>
     <span class='ocr_line' id='line_1_44' title="bbox 702 948 1286 990; baseline -0.002 -10"><span class='ocrx_word' id='word_1_216' title='bbox 702 957 767 980; x_wconf 84' lang='lat' dir='ltr'><strong>tem</strong></span> <span class='ocrx_word' id='word_1_217' title='bbox 787 950 964 981; x_wconf 79' lang='lat' dir='ltr'><strong>exhibeat?</strong></span> <span class='ocrx_word' id='word_1_218' title='bbox 994 950 1076 990; x_wconf 85' lang='lat' dir='ltr'><strong>Quae</strong></span> <span class='ocrx_word' id='word_1_219' title='bbox 1108 949 1216 979; x_wconf 92' lang='lat' dir='ltr'><strong>omnia</strong></span> <span class='ocrx_word' id='word_1_220' title='bbox 1246 948 1286 979; x_wconf 90' lang='lat' dir='ltr'><strong>de</strong></span> 
     </span>
     <span class='ocr_line' id='line_1_45' title="bbox 702 994 1287 1038; baseline 0 -11"><span class='ocrx_word' id='word_1_221' title='bbox 702 996 759 1027; x_wconf 63' lang='lat' dir='ltr'><strong>sua</strong></span> <span class='ocrx_word' id='word_1_222' title='bbox 775 996 890 1027; x_wconf 76' lang='lat' dir='ltr'><strong>amasia</strong></span> <span class='ocrx_word' id='word_1_223' title='bbox 902 1019 910 1035; x_wconf 87' lang='lat'>‚</span> <span class='ocrx_word' id='word_1_224' title='bbox 927 995 1045 1038; x_wconf 75' lang='lat' dir='ltr'><strong>procul</strong></span> <span class='ocrx_word' id='word_1_225' title='bbox 1061 994 1163 1026; x_wconf 84' lang='lat' dir='ltr'><strong>dubio</strong></span> <span class='ocrx_word' id='word_1_226' title='bbox 1173 1018 1183 1034; x_wconf 85' lang='lat'>‚</span> <span class='ocrx_word' id='word_1_227' title='bbox 1204 1007 1287 1027; x_wconf 84' lang='lat' dir='ltr'><strong>ama-</strong></span> 
     </span>
     <span class='ocr_line' id='line_1_46' title="bbox 703 1042 1286 1084; baseline -0.002 -10"><span class='ocrx_word' id='word_1_228' title='bbox 703 1045 768 1075; x_wconf 83' lang='lat' dir='ltr'><strong>tori</strong></span> <span class='ocrx_word' id='word_1_229' title='bbox 784 1045 891 1075; x_wconf 82' lang='lat' dir='ltr'><strong>dicere</strong></span> <span class='ocrx_word' id='word_1_230' title='bbox 914 1050 946 1074; x_wconf 86' lang='lat' dir='ltr'><strong>et</strong></span> <span class='ocrx_word' id='word_1_231' title='bbox 964 1043 1082 1082; x_wconf 83' lang='lat' dir='ltr'><strong>jactare</strong></span> <span class='ocrx_word' id='word_1_232' title='bbox 1096 1042 1192 1081; x_wconf 88' lang='lat' dir='ltr'><strong>licet,</strong></span> <span class='ocrx_word' id='word_1_233' title='bbox 1208 1044 1286 1084; x_wconf 87' lang='lat' dir='ltr'><strong>qui,</strong></span> 
     </span>
     <span class='ocr_line' id='line_1_47' title="bbox 703 1089 1288 1132; baseline -0.003 -10"><span class='ocrx_word' id='word_1_234' title='bbox 703 1090 854 1122; x_wconf 81' lang='lat' dir='ltr'><strong>felicitate</strong></span> <span class='ocrx_word' id='word_1_235' title='bbox 881 1089 939 1122; x_wconf 62' lang='lat' dir='ltr'><strong>suti</strong></span> <span class='ocrx_word' id='word_1_236' title='bbox 970 1090 1086 1132; x_wconf 79' lang='lat' dir='ltr'><strong>plenus</strong></span> <span class='ocrx_word' id='word_1_237' title='bbox 1097 1113 1106 1127; x_wconf 92' lang='lat'>‚</span> <span class='ocrx_word' id='word_1_238' title='bbox 1136 1100 1206 1121; x_wconf 90' lang='lat' dir='ltr'><strong>eam</strong></span> <span class='ocrx_word' id='word_1_239' title='bbox 1231 1090 1288 1120; x_wconf 81' lang='lat' dir='ltr'><strong>dif-</strong></span> 
     </span>
     <span class='ocr_line' id='line_1_48' title="bbox 705 1136 1287 1181; baseline -0.002 -12"><span class='ocrx_word' id='word_1_240' title='bbox 705 1138 843 1170; x_wconf 83' lang='lat' dir='ltr'><strong>fundere</strong></span> <span class='ocrx_word' id='word_1_241' title='bbox 870 1139 974 1181; x_wconf 86' lang='lat' dir='ltr'><strong>gestit.</strong></span> <span class='ocrx_word' id='word_1_242' title='bbox 998 1136 1174 1168; x_wconf 80' lang='lat' dir='ltr'><strong>videbitur</strong></span> <span class='ocrx_word' id='word_1_243' title='bbox 1202 1136 1287 1168; x_wconf 64' lang='lat' dir='ltr'><strong>infra</strong></span> 
     </span>
     <span class='ocr_line' id='line_1_49' title="bbox 704 1185 1287 1228; baseline -0.003 -11"><span class='ocrx_word' id='word_1_244' title='bbox 704 1185 783 1228; x_wconf 90' lang='lat' dir='ltr'><strong>quid</strong></span> <span class='ocrx_word' id='word_1_245' title='bbox 805 1186 897 1217; x_wconf 72' lang='lat' dir='ltr'><strong>aliter</strong></span> <span class='ocrx_word' id='word_1_246' title='bbox 914 1187 1162 1226; x_wconf 84' lang='lat' dir='ltr'><strong>interpretantes</strong></span> <span class='ocrx_word' id='word_1_247' title='bbox 1179 1185 1215 1215; x_wconf 91' lang='lat' dir='ltr'><strong>in</strong></span> <span class='ocrx_word' id='word_1_248' title='bbox 1237 1195 1287 1215; x_wconf 88' lang='lat' dir='ltr'><strong>er-</strong></span> 
     </span>
     <span class='ocr_line' id='line_1_50' title="bbox 705 1231 1284 1265; baseline -0.003 -1"><span class='ocrx_word' id='word_1_249' title='bbox 705 1244 812 1265; x_wconf 87' lang='lat' dir='ltr'><strong>rorem</strong></span> <span class='ocrx_word' id='word_1_250' title='bbox 846 1232 1024 1264; x_wconf 82' lang='lat' dir='ltr'><strong>induxerit.</strong></span> <span class='ocrx_word' id='word_1_251' title='bbox 1051 1250 1101 1257; x_wconf 89' lang='lat'><strong>·--</strong></span> <span class='ocrx_word' id='word_1_252' title='bbox 1128 1231 1284 1263; x_wconf 79' lang='lat' dir='ltr'><strong>Lucidum</strong></span> 
     </span>
     <span class='ocr_line' id='line_1_51' title="bbox 693 1279 1025 1324; baseline 0.006 -14"><span class='ocrx_word' id='word_1_253' title='bbox 693 1280 865 1324; x_wconf 78' lang='lat' dir='ltr'><strong>fidgentes</strong></span> <span class='ocrx_word' id='word_1_254' title='bbox 878 1293 890 1312; x_wconf 87' lang='lat'><strong>.·</strong></span> <span class='ocrx_word' id='word_1_255' title='bbox 903 1279 1025 1312; x_wconf 68' lang='lat' dir='ltr'><strong>lucide.</strong></span> 
     </span>
    </p>

    <p class='ocr_par' dir='ltr' id='par_1_7' title="bbox 703 1326 1289 2221">
     <span class='ocr_line' id='line_1_52' title="bbox 729 1326 1289 1370; baseline -0.004 -10"><span class='ocrx_word' id='word_1_256' title='bbox 729 1329 748 1360; x_wconf 86' lang='lat'><em>5</em></span> <span class='ocrx_word' id='word_1_257' title='bbox 751 1330 834 1360; x_wconf 75' lang='lat' dir='ltr'><strong>‚Nec</strong></span> <span class='ocrx_word' id='word_1_258' title='bbox 841 1327 1007 1359; x_wconf 80' lang='lat' dir='ltr'><strong>dedecuit:</strong></span> <span class='ocrx_word' id='word_1_259' title='bbox 1015 1338 1112 1370; x_wconf 88' lang='lat' dir='ltr'><strong>quam</strong></span> <span class='ocrx_word' id='word_1_260' title='bbox 1117 1326 1289 1370; x_wconf 71' lang='lat' dir='ltr'><strong>nunquam</strong></span> 
     </span>
     <span class='ocr_line' id='line_1_53' title="bbox 704 1375 1288 1418; baseline 0 -11"><span class='ocrx_word' id='word_1_261' title='bbox 704 1375 871 1415; x_wconf 85' lang='lat' dir='ltr'><strong>dedecuit,</strong></span> <span class='ocrx_word' id='word_1_262' title='bbox 885 1386 982 1418; x_wconf 87' lang='lat' dir='ltr'><strong>quam</strong></span> <span class='ocrx_word' id='word_1_263' title='bbox 997 1386 1123 1417; x_wconf 87' lang='lat' dir='ltr'><strong>semper</strong></span> <span class='ocrx_word' id='word_1_264' title='bbox 1134 1375 1288 1407; x_wconf 78' lang='lat' dir='ltr'><strong>decet.—</strong></span> 
     </span>
     <span class='ocr_line' id='line_1_54' title="bbox 705 1422 1287 1465; baseline 0 -11"><span class='ocrx_word' id='word_1_265' title='bbox 705 1425 802 1455; x_wconf 85' lang='lat' dir='ltr'><strong>Ferre</strong></span> <span class='ocrx_word' id='word_1_266' title='bbox 830 1424 951 1465; x_wconf 83' lang='lat' dir='ltr'><strong>pedem</strong></span> <span class='ocrx_word' id='word_1_267' title='bbox 965 1434 976 1453; x_wconf 96' lang='lat'><em>:</em></span> <span class='ocrx_word' id='word_1_268' title='bbox 990 1422 1177 1454; x_wconf 81' lang='lat' dir='ltr'><strong>saltantium</strong></span> <span class='ocrx_word' id='word_1_269' title='bbox 1200 1422 1287 1454; x_wconf 83' lang='lat' dir='ltr'><strong>enim</strong></span> 
     </span>
     <span class='ocr_line' id='line_1_55' title="bbox 705 1470 1287 1513; baseline -0.002 -12"><span class='ocrx_word' id='word_1_270' title='bbox 705 1481 754 1501; x_wconf 83' lang='lat' dir='ltr'><strong>ars</strong></span> <span class='ocrx_word' id='word_1_271' title='bbox 768 1471 932 1513; x_wconf 75' lang='lat' dir='ltr'><strong>praecipue</strong></span> <span class='ocrx_word' id='word_1_272' title='bbox 945 1471 981 1501; x_wconf 88' lang='lat' dir='ltr'><strong>in</strong></span> <span class='ocrx_word' id='word_1_273' title='bbox 990 1471 1153 1501; x_wconf 89' lang='lat' dir='ltr'><strong>concinno</strong></span> <span class='ocrx_word' id='word_1_274' title='bbox 1165 1470 1287 1511; x_wconf 87' lang='lat' dir='ltr'><strong>pedum</strong></span> 
     </span>
     <span class='ocr_line' id='line_1_56' title="bbox 704 1518 1288 1550; baseline 0 -1"><span class='ocrx_word' id='word_1_275' title='bbox 704 1525 799 1549; x_wconf 87' lang='lat' dir='ltr'><strong>motu</strong></span> <span class='ocrx_word' id='word_1_276' title='bbox 824 1519 877 1550; x_wconf 88' lang='lat' dir='ltr'><strong>vel</strong></span> <span class='ocrx_word' id='word_1_277' title='bbox 912 1519 1041 1549; x_wconf 83' lang='lat' dir='ltr'><strong>incessu</strong></span> <span class='ocrx_word' id='word_1_278' title='bbox 1074 1518 1230 1550; x_wconf 88' lang='lat' dir='ltr'><strong>cernitur.</strong></span> <span class='ocrx_word' id='word_1_279' title='bbox 1241 1535 1288 1541; x_wconf 92' lang='lat'><strong>—-</strong></span> 
     </span>
     <span class='ocr_line' id='line_1_57' title="bbox 708 1564 1287 1607; baseline -0.002 -11"><span class='ocrx_word' id='word_1_280' title='bbox 708 1566 839 1596; x_wconf 77' lang='lat' dir='ltr'><strong>Cercar-e</strong></span> <span class='ocrx_word' id='word_1_281' title='bbox 854 1564 928 1606; x_wconf 81' lang='lat' dir='ltr'><strong>joco</strong></span> <span class='ocrx_word' id='word_1_282' title='bbox 940 1576 951 1595; x_wconf 89' lang='lat'><strong>.·</strong></span> <span class='ocrx_word' id='word_1_283' title='bbox 966 1565 1047 1595; x_wconf 87' lang='lat' dir='ltr'><strong>varii</strong></span> <span class='ocrx_word' id='word_1_284' title='bbox 1062 1564 1198 1606; x_wconf 86' lang='lat' dir='ltr'><strong>cogitari</strong></span> <span class='ocrx_word' id='word_1_285' title='bbox 1211 1575 1287 1607; x_wconf 91' lang='lat' dir='ltr'><strong>pos-</strong></span> 
     </span>
     <span class='ocr_line' id='line_1_58' title="bbox 705 1611 1287 1654; baseline -0.002 -11"><span class='ocrx_word' id='word_1_286' title='bbox 705 1620 780 1643; x_wconf 92' lang='lat' dir='ltr'><strong>sunt</strong></span> <span class='ocrx_word' id='word_1_287' title='bbox 800 1613 912 1652; x_wconf 85' lang='lat' dir='ltr'><strong>lusus,</strong></span> <span class='ocrx_word' id='word_1_288' title='bbox 928 1612 1049 1654; x_wconf 88' lang='lat' dir='ltr'><strong>quibus</strong></span> <span class='ocrx_word' id='word_1_289' title='bbox 1071 1611 1223 1643; x_wconf 80' lang='lat' dir='ltr'><strong>saltantes</strong></span> <span class='ocrx_word' id='word_1_290' title='bbox 1233 1612 1287 1643; x_wconf 81' lang='lat' dir='ltr'><strong>in-</strong></span> 
     </span>
     <span class='ocr_line' id='line_1_59' title="bbox 705 1659 1286 1702; baseline -0.002 -11"><span class='ocrx_word' id='word_1_291' title='bbox 705 1660 810 1691; x_wconf 71' lang='lat' dir='ltr'><strong>vicem</strong></span> <span class='ocrx_word' id='word_1_292' title='bbox 827 1671 860 1691; x_wconf 86' lang='lat' dir='ltr'><strong>se</strong></span> <span class='ocrx_word' id='word_1_293' title='bbox 877 1661 1046 1702; x_wconf 81' lang='lat' dir='ltr'><strong>excipiunt</strong></span> <span class='ocrx_word' id='word_1_294' title='bbox 1059 1666 1092 1690; x_wconf 84' lang='lat' dir='ltr'><strong>et</strong></span> <span class='ocrx_word' id='word_1_295' title='bbox 1108 1659 1220 1698; x_wconf 64' lang='lat' dir='ltr'><strong>jocose</strong></span> <span class='ocrx_word' id='word_1_296' title='bbox 1235 1661 1286 1690; x_wconf 92' lang='lat' dir='ltr'><strong>in-</strong></span> 
     </span>
     <span class='ocr_line' id='line_1_60' title="bbox 706 1706 1288 1739; baseline 0.002 -2"><span class='ocrx_word' id='word_1_297' title='bbox 706 1714 755 1737; x_wconf 90' lang='lat' dir='ltr'><strong>ter</strong></span> <span class='ocrx_word' id='word_1_298' title='bbox 767 1718 800 1737; x_wconf 86' lang='lat' dir='ltr'><strong>se</strong></span> <span class='ocrx_word' id='word_1_299' title='bbox 814 1714 949 1739; x_wconf 84' lang='lat' dir='ltr'><strong>certant.</strong></span> <span class='ocrx_word' id='word_1_300' title='bbox 964 1725 1013 1731; x_wconf 89' lang='lat'><strong>——</strong></span> <span class='ocrx_word' id='word_1_301' title='bbox 1027 1709 1117 1738; x_wconf 81' lang='lat' dir='ltr'><strong>Dare</strong></span> <span class='ocrx_word' id='word_1_302' title='bbox 1129 1706 1263 1738; x_wconf 79' lang='lat' dir='ltr'><strong>brachia</strong></span> <span class='ocrx_word' id='word_1_303' title='bbox 1276 1718 1288 1738; x_wconf 89' lang='lat'><em>:</em></span> 
     </span>
     <span class='ocr_line' id='line_1_61' title="bbox 706 1753 1289 1796; baseline 0.002 -12"><span class='ocrx_word' id='word_1_304' title='bbox 706 1753 795 1795; x_wconf 90' lang='lat' dir='ltr'><strong>quod</strong></span> <span class='ocrx_word' id='word_1_305' title='bbox 808 1765 940 1796; x_wconf 90' lang='lat' dir='ltr'><strong>quoque</strong></span> <span class='ocrx_word' id='word_1_306' title='bbox 948 1778 957 1794; x_wconf 88' lang='lat'>,</span> <span class='ocrx_word' id='word_1_307' title='bbox 975 1753 1050 1786; x_wconf 77' lang='lat' dir='ltr'><strong>eum</strong></span> <span class='ocrx_word' id='word_1_308' title='bbox 1061 1754 1210 1786; x_wconf 86' lang='lat' dir='ltr'><strong>saltantes</strong></span> <span class='ocrx_word' id='word_1_309' title='bbox 1218 1754 1289 1786; x_wconf 85' lang='lat' dir='ltr'><strong>hra—</strong></span> 
     </span>
     <span class='ocr_line' id='line_1_62' title="bbox 706 1801 1288 1840; baseline 0 -8"><span class='ocrx_word' id='word_1_310' title='bbox 706 1801 777 1832; x_wconf 85' lang='lat' dir='ltr'><strong>cbia</strong></span> <span class='ocrx_word' id='word_1_311' title='bbox 791 1803 876 1832; x_wconf 85' lang='lat' dir='ltr'><strong>inter</strong></span> <span class='ocrx_word' id='word_1_312' title='bbox 891 1812 924 1833; x_wconf 88' lang='lat' dir='ltr'><strong>se</strong></span> <span class='ocrx_word' id='word_1_313' title='bbox 938 1809 1075 1833; x_wconf 84' lang='lat' dir='ltr'><strong>nectunt</strong></span> <span class='ocrx_word' id='word_1_314' title='bbox 1084 1825 1093 1840; x_wconf 92' lang='lat'>‚</span> <span class='ocrx_word' id='word_1_315' title='bbox 1106 1802 1159 1833; x_wconf 83' lang='lat' dir='ltr'><strong>vel</strong></span> <span class='ocrx_word' id='word_1_316' title='bbox 1173 1812 1288 1833; x_wconf 82' lang='lat' dir='ltr'><strong>manus</strong></span> 
     </span>
     <span class='ocr_line' id='line_1_63' title="bbox 703 1849 1288 1892; baseline 0.002 -13"><span class='ocrx_word' id='word_1_317' title='bbox 703 1849 846 1880; x_wconf 77' lang='lat' dir='ltr'><strong>invicem</strong></span> <span class='ocrx_word' id='word_1_318' title='bbox 863 1849 927 1880; x_wconf 91' lang='lat' dir='ltr'><strong>sibi</strong></span> <span class='ocrx_word' id='word_1_319' title='bbox 943 1851 1135 1892; x_wconf 85' lang='lat' dir='ltr'><strong>porrigunt,</strong></span> <span class='ocrx_word' id='word_1_320' title='bbox 1152 1859 1227 1880; x_wconf 86' lang='lat' dir='ltr'><strong>cum</strong></span> <span class='ocrx_word' id='word_1_321' title='bbox 1243 1850 1288 1880; x_wconf 81' lang='lat' dir='ltr'><strong>le-</strong></span> 
     </span>
     <span class='ocr_line' id='line_1_64' title="bbox 706 1895 1289 1939; baseline -0.002 -12"><span class='ocrx_word' id='word_1_322' title='bbox 706 1907 786 1939; x_wconf 85' lang='lat' dir='ltr'><strong>pore</strong></span> <span class='ocrx_word' id='word_1_323' title='bbox 801 1896 943 1938; x_wconf 85' lang='lat' dir='ltr'><strong>quodam</strong></span> <span class='ocrx_word' id='word_1_324' title='bbox 954 1895 1027 1928; x_wconf 88' lang='lat' dir='ltr'><strong>fieri</strong></span> <span class='ocrx_word' id='word_1_325' title='bbox 1042 1896 1149 1929; x_wconf 87' lang='lat' dir='ltr'><strong>debet.</strong></span> <span class='ocrx_word' id='word_1_326' title='bbox 1164 1915 1211 1920; x_wconf 92' lang='lat'>—</span> <span class='ocrx_word' id='word_1_327' title='bbox 1227 1899 1289 1927; x_wconf 81' lang='lat' dir='ltr'><strong>Lu-</strong></span> 
     </span>
     <span class='ocr_line' id='line_1_65' title="bbox 708 1944 1287 1983; baseline -0.002 -8"><span class='ocrx_word' id='word_1_328' title='bbox 708 1944 838 1975; x_wconf 79' lang='lat' dir='ltr'><strong>dentem</strong></span> <span class='ocrx_word' id='word_1_329' title='bbox 848 1967 858 1982; x_wconf 85' lang='lat'><em>,</em></span> <span class='ocrx_word' id='word_1_330' title='bbox 879 1944 944 1975; x_wconf 80' lang='lat' dir='ltr'><strong>hoe</strong></span> <span class='ocrx_word' id='word_1_331' title='bbox 959 1951 1023 1983; x_wconf 87' lang='lat' dir='ltr'><strong>est,</strong></span> <span class='ocrx_word' id='word_1_332' title='bbox 1037 1944 1222 1983; x_wconf 85' lang='lat' dir='ltr'><strong>saltantem3</strong></span> <span class='ocrx_word' id='word_1_333' title='bbox 1239 1944 1287 1974; x_wconf 84' lang='lat' dir='ltr'><strong>lu·</strong></span> 
     </span>
     <span class='ocr_line' id='line_1_66' title="bbox 707 1989 1287 2033; baseline 0 -11"><span class='ocrx_word' id='word_1_334' title='bbox 707 1991 783 2022; x_wconf 83' lang='lat' dir='ltr'><strong>dere</strong></span> <span class='ocrx_word' id='word_1_335' title='bbox 800 1998 837 2023; x_wconf 86' lang='lat' dir='ltr'><strong>ut</strong></span> <span class='ocrx_word' id='word_1_336' title='bbox 849 1989 971 2029; x_wconf 82' lang='grc' dir='ltr'>παίζειν</span> <span class='ocrx_word' id='word_1_337' title='bbox 986 1991 1073 2033; x_wconf 89' lang='lat' dir='ltr'><strong>apud</strong></span> <span class='ocrx_word' id='word_1_338' title='bbox 1088 1992 1220 2022; x_wconf 82' lang='lat' dir='ltr'><strong>Graecos</strong></span> <span class='ocrx_word' id='word_1_339' title='bbox 1234 2002 1287 2022; x_wconf 84' lang='lat' dir='ltr'><strong>sae-</strong></span> 
     </span>
     <span class='ocr_line' id='line_1_67' title="bbox 707 2038 1287 2080; baseline -0.002 -10"><span class='ocrx_word' id='word_1_340' title='bbox 707 2038 748 2080; x_wconf 75' lang='lat' dir='ltr'><strong>pe</strong></span> <span class='ocrx_word' id='word_1_341' title='bbox 764 2049 842 2080; x_wconf 86' lang='lat' dir='ltr'><strong>pro,</strong></span> <span class='ocrx_word' id='word_1_342' title='bbox 856 2040 970 2070; x_wconf 86' lang='lat' dir='ltr'><strong>saltare</strong></span> <span class='ocrx_word' id='word_1_343' title='bbox 980 2062 989 2078; x_wconf 91' lang='lat'><strong><em>‚</em></strong></span> <span class='ocrx_word' id='word_1_344' title='bbox 1003 2040 1070 2070; x_wconf 84' lang='lat' dir='ltr'><strong>sive</strong></span> <span class='ocrx_word' id='word_1_345' title='bbox 1084 2039 1215 2069; x_wconf 88' lang='lat' dir='ltr'><strong>choreas</strong></span> <span class='ocrx_word' id='word_1_346' title='bbox 1229 2038 1287 2069; x_wconf 90' lang='lat' dir='ltr'><strong>du-</strong></span> 
     </span>
     <span class='ocr_line' id='line_1_68' title="bbox 707 2085 1286 2128; baseline -0.002 -12"><span class='ocrx_word' id='word_1_347' title='bbox 707 2086 963 2118; x_wconf 81' lang='lat' dir='ltr'><strong>cere.—N1‘tidi5</strong></span> <span class='ocrx_word' id='word_1_348' title='bbox 975 2085 1158 2128; x_wconf 76' lang='lat' dir='ltr'><strong>virginibus</strong></span> <span class='ocrx_word' id='word_1_349' title='bbox 1176 2097 1188 2116; x_wconf 91' lang='grc'><strong>.·</strong></span> <span class='ocrx_word' id='word_1_350' title='bbox 1212 2085 1286 2127; x_wconf 91' lang='lat' dir='ltr'><strong>pul-</strong></span> 
     </span>
     <span class='ocr_line' id='line_1_69' title="bbox 705 2133 1287 2176; baseline -0.002 -12"><span class='ocrx_word' id='word_1_351' title='bbox 705 2133 871 2165; x_wconf 87' lang='lat' dir='ltr'><strong>cherrimis</strong></span> <span class='ocrx_word' id='word_1_352' title='bbox 879 2145 1016 2176; x_wconf 87' lang='lat' dir='ltr'><strong>quarum</strong></span> <span class='ocrx_word' id='word_1_353' title='bbox 1025 2134 1059 2163; x_wconf 89' lang='lat' dir='ltr'><strong>in</strong></span> <span class='ocrx_word' id='word_1_354' title='bbox 1066 2139 1154 2164; x_wconf 87' lang='lat' dir='ltr'><strong>coetu</strong></span> <span class='ocrx_word' id='word_1_355' title='bbox 1162 2133 1287 2175; x_wconf 81' lang='lat' dir='ltr'><strong>Licym-</strong></span> 
     </span>
     <span class='ocr_line' id='line_1_70' title="bbox 705 2181 1122 2221; baseline 0 -9"><span class='ocrx_word' id='word_1_356' title='bbox 705 2181 759 2212; x_wconf 87' lang='lat' dir='ltr'><strong>nia</strong></span> <span class='ocrx_word' id='word_1_357' title='bbox 773 2181 883 2212; x_wconf 89' lang='lat' dir='ltr'><strong>locnm</strong></span> <span class='ocrx_word' id='word_1_358' title='bbox 897 2182 970 2221; x_wconf 89' lang='lat' dir='ltr'><strong>jure</strong></span> <span class='ocrx_word' id='word_1_359' title='bbox 985 2181 1122 2212; x_wconf 87' lang='lat' dir='ltr'><strong>obtinet.</strong></span> 
     </span>
    </p>

    <p class='ocr_par' dir='ltr' id='par_1_8' title="bbox 753 2227 1288 2261">
     <span class='ocr_line' id='line_1_71' title="bbox 753 2227 1288 2261; baseline -0.002 -1"><span class='ocrx_word' id='word_1_360' title='bbox 753 2229 786 2260; x_wconf 88' lang='grc'><strong>6.</strong></span> <span class='ocrx_word' id='word_1_361' title='bbox 798 2228 894 2260; x_wconf 77' lang='lat' dir='ltr'><strong>Dives</strong></span> <span class='ocrx_word' id='word_1_362' title='bbox 903 2227 1118 2260; x_wconf 68' lang='lat' dir='ltr'><strong>Achaemenes</strong></span> <span class='ocrx_word' id='word_1_363' title='bbox 1126 2239 1138 2259; x_wconf 91' lang='lat'><strong>.·</strong></span> <span class='ocrx_word' id='word_1_364' title='bbox 1147 2239 1204 2260; x_wconf 84' lang='lat' dir='ltr'><strong>rex</strong></span> <span class='ocrx_word' id='word_1_365' title='bbox 1214 2230 1288 2261; x_wconf 87' lang='lat' dir='ltr'><strong>Per-</strong></span> 
     </span>
    </p>
   </div>
   <div class='ocr_carea' id='block_1_6' title="bbox 1092 2280 1156 2319">
    <p class='ocr_par' dir='ltr' id='par_1_9' title="bbox 1092 2280 1156 2319">
     <span class='ocr_line' id='line_1_72' title="bbox 1092 2280 1156 2319; baseline -0.016 0"><span class='ocrx_word' id='word_1_366' title='bbox 1092 2280 1156 2319; x_wconf 83' lang='lat'><strong>16*</strong></span> 
     </span>
    </p>
   </div>
  </div>
 </body>
</html>
