1456 2508
500 141 580 176 tm.
605 138 736 174 vomi
758 138 836 172 xv.
1249 147 1289 178 :⁷7

169 221 186 240 2›
204 206 356 256 Urgent
377 202 566 255 impavidi
584 211 622 240 te
643 200 872 240 Salaminius

221 283 238 300 n
257 269 427 312 Teucer,
447 273 486 302 te
505 263 710 302 Sthenelus
731 262 853 299 sciens

170 344 186 361 υ
205 329 364 377 Pugnae,
384 326 466 364 sive
484 338 581 376 opus
600 333 656 362 est
675 323 902 375 imperitare
924 323 1053 373 equis,
1261 331 1292 355 25

171 405 188 422 »
207 391 295 427 Non
315 388 449 438 auriga
467 387 590 438 piger.
612 378 816 423 Merionen
835 397 992 436 quoque

170 466 186 483 υ
205 451 362 488 Nosces.
383 450 483 486 Ecce
499 446 595 484 furit
613 450 652 484 t'e
674 446 849 497 reperire
869 454 983 483 atrox

226 526 242 543 υ
261 508 450 560 Tydides,
471 508 610 546 melior
629 517 740 558 patre
761 522 770 544 ε

173 588 188 605 >e
210 575 335 619 Quem
352 579 413 618 tu,
432 583 569 608 cervus
588 568 603 591 ⁸
623 567 681 606 uti
699 569 808 607 vallis
828 569 868 606 in
889 568 1010 606 alterzi

176 649 192 665 »
209 632 343 670 Visum
361 638 470 682 parte
487 630 624 681 lupum
644 629 826 680 graminis
846 630 1066 675 immemor,
1262 637 1294 662 30

175 708 190 725 υ
209 691 373 730 Sublimi
392 691 513 741 fugies
534 690 657 728 mollis
676 690 867 738 anhelitu3

228 768 245 786 ι»
263 755 351 790 Non
371 751 446 789 hoc
464 751 765 803 pollicitus.‚tuae.

175 831 192 848 ι»
209 814 400 852 Iracunda
419 813 521 851 diem
541 814 713 865 proferet
733 813 806 851 Ilio

178 893 192 910 υ
213 877 480 926 Matronisque
499 875 694 926 Phrygum
713 873 841 912 classis
861 873 1025 912 Achillei
1044 881 1057 904 9
1079 890 1087 911 :

177 955 191 971 n
209 941 299 976 Post
317 947 440 976 certas
458 936 607 975 hiemes
618 966 629 985 ‚
648 944 735 974 uret
750 935 941 974 Achaicus
1252 946 1282 971 35

226 1016 242 1032 »ι
261 999 366 1050 Ignis
384 1001 610 1049 Pergameas
630 997 777 1035 domos.
799 1014 814 1030 »

70 1127 178 1170 supra.
205 1127 259 1159 od.
291 1129 367 1158 vn.
385 1145 433 1151 --
453 1125 623 1157 Sthenelus
638 1138 649 1157 :

71 1175 208 1217 Capanei
239 1181 272 1205 et
300 1174 447 1206 Evadnes
477 1174 575 1205 filius.
603 1191 651 1197 —-—

72 1222 183 1254 Sciens
200 1233 321 1266 pugnae
336 1233 348 1253 :
362 1223 537 1253 Homerica
558 1221 651 1252 locu-

72 1272 135 1306 tio,
170 1265 259 1307 εἰδὼς
288 1266 408 1314 μάχης
442 1280 511 1300 non
545 1267 651 1299 solum

71 1318 164 1349 fortis
179 1324 211 1348 et
228 1325 394 1355 strenuus,
412 1316 469 1347 sed
485 1317 603 1347 doctus
621 1323 653 1347 et

70 1366 108 1396 in
132 1371 199 1395 arte
221 1363 336 1396 bellica
359 1365 583 1406 peritissimus.
606 1381 653 1387 —

71 1412 149 1443 Non
173 1411 291 1455 auriga
309 1411 420 1454 piger,
442 1412 550 1454 auriga
570 1412 650 1442 vivi-

72 1460 232 1491 dissimus.
246 1477 292 1482 --
310 1460 395 1490 Ecce
405 1470 419 1495 ,-
435 1469 503 1489 rem
517 1469 654 1500 praesen-

73 1514 138 1539 tem
163 1505 344 1548 expressius
371 1513 474 1538 notat.
496 1523 542 1529 —
564 1505 657 1537 Fur-ie

73 1562 106 1585 ee
132 1552 270 1596 reperire
295 1565 307 1584 .·
335 1554 458 1584 furenti
488 1554 596 1583 animo
623 1560 655 1583 te

73 1602 227 1644 requirit,
250 1601 342 1631 ardet
362 1608 470 1631 tecum
488 1600 653 1642 congredi.

74 1667 120 1673 —-
142 1647 280 1690 Tydides
305 1647 421 1678 melior
437 1655 558 1688 patre;
575 1648 655 1678 Dio-

75 1695 200 1734 medes,
228 1694 316 1726 filius
347 1694 470 1738 Tydei,
495 1694 573 1738 &rti
600 1705 657 1737 pa-

75 1750 167 1775 rente
181 1743 308 1774 fortior.

125 1791 157 1823 8.
179 1790 293 1822 Cervus
311 1789 358 1820 uti
372 1790 500 1830 lupum,
518 1788 655 1820 subaud.

67 1836 170 1882 fiagic.
185 1855 234 1862 —-
251 1837 360 1868 Visum
377 1835 411 1868 in
436 1833 544 1867 alcerd
560 1843 656 1877 parte

77 1885 181 1917 vallis
189 1896 202 1917 .·
213 1895 283 1916 non
297 1883 359 1915 sibi
372 1884 559 1925 proximum
569 1907 578 1922 ‚
588 1894 656 1914 non

81 1931 120 1964 ad
135 1943 168 1964 se
185 1931 405 1971 accedentem,
424 1931 480 1962 sed
495 1931 512 1962 ὲ
530 1931 656 1973 longin-

78 1991 144 2022 quo
175 1986 402 2021 conspectum,
429 1985 462 2009 et
491 1977 557 2009 tota
583 1989 657 2020 pro-

79 2026 188 2059 fundae
203 2026 293 2058 vallis
307 2025 476 2058 altitudine
491 2024 509 2056 ὲ
523 2036 556 2055 se
572 2036 658 2066 sepa-

80 2082 204 2106 ratum:
220 2074 285 2105 hoc
306 2073 431 2106 dictum
456 2073 498 2104 ad
520 2071 658 2114 amplifi-

705 1124 840 1156 candam
852 1148 860 1164 ‚
875 1132 914 1156 ut
924 1126 1011 1156 cervi
1022 1148 1032 1164 ‚
1046 1125 1094 1156 sic
1107 1133 1139 1156 et
1152 1126 1274 1158 Paridis
1283 1150 1292 1165 ‚

705 1173 924 1210 timiditatem,
950 1190 998 1197 -—-
1026 1172 1163 1204 Sublimi
1192 1173 1294 1205 anbe-

706 1221 763 1251 lieu
781 1233 792 1251 .·
809 1221 866 1262 qui
882 1218 1050 1259 anhelant,
1071 1228 1172 1262 caput
1191 1232 1295 1263 osque

706 1268 846 1299 sublime
864 1267 1001 1304 tollunt,
1019 1268 1111 1310 quasi
1128 1267 1166 1299 ad
1187 1280 1295 1300 aerem

706 1314 834 1358 plenius
851 1315 1082 1348 hauriendum.

755 1375 787 1404 9.
806 1363 972 1394 Iracunda
989 1363 1104 1394 classis
1117 1362 1266 1394 Achillei
1278 1376 1289 1395 :

707 1410 845 1441 Achillis
869 1411 1004 1450 milites,
1026 1412 1102 1452 qui,
1125 1410 1168 1441 ad
1183 1421 1293 1442 exem—

707 1458 799 1499 plum
815 1464 848 1487 et
862 1459 954 1497 jussu
968 1460 1050 1499 regis
1066 1465 1098 1488 et
1112 1457 1204 1489 ducis
1222 1459 1292 1497 sui,

708 1505 832 1535 desides
851 1512 883 1535 et
899 1505 998 1535 otiosi
1017 1505 1069 1535 vel
1085 1506 1120 1535 in
1146 1506 1296 1537 tentoriis

711 1552 762 1583 vel
784 1553 820 1582 in
836 1551 975 1582 navibus
1002 1560 1241 1591 remanserunt,
1263 1559 1296 1583 et

709 1599 755 1629 sic
766 1599 867 1636 diem,
886 1609 1076 1640 supremum
1089 1601 1196 1639 Trojae
1209 1599 1296 1630 diem

710 1645 917 1677 distulerunt.
931 1664 979 1670 ·—
992 1649 1071 1678 Post
1099 1654 1206 1678 coreas
1229 1646 1296 1678 hie-

711 1705 779 1724 mes
794 1705 805 1724 :
827 1701 902 1735 post
921 1704 1023 1724 annos
1045 1705 1181 1734 novem,
1206 1702 1295 1726 certo

710 1741 851 1772 fatorum
875 1741 1006 1772 decreto
1027 1743 1235 1774 constitutos.
1249 1761 1297 1766 —

711 1790 911 1831 Pergameas
931 1789 1043 1820 domos
1065 1801 1077 1820 .·
1099 1789 1201 1820 malui
1221 1801 1295 1820 cum

710 1837 821 1867 multis
847 1837 1018 1878 interpret.
1046 1836 1151 1880 legere
1175 1840 1299 1880 Perga-

712 1894 802 1914 meas
811 1882 909 1925 quam
923 1883 1048 1914 Iliacas
1056 1897 1069 1923 ‚·
1079 1885 1193 1916 ultima
1209 1885 1296 1916 enirn

712 1931 820 1969 verbi,
834 1930 933 1974 ignis,
948 1938 1022 1962 ante
1035 1932 1182 1963 vocalem
1197 1934 1218 1963 I
1228 1943 1299 1963 cor-

711 1979 848 2020 ripitur,
867 1978 958 2020 quod
975 1979 1089 2010 contra
1113 1990 1298 2011 mensuram

712 2033 760 2056 est
775 2025 884 2056 versus
900 2026 1064 2068 glyconici
1074 2050 1082 2065 ,
1099 2028 1157 2069 qui
1171 2023 1188 2058 ὁ
1202 2037 1301 2069 spon·

713 2072 783 2104 daeo
798 2074 943 2115 incipere
962 2072 1068 2105 debet.
