1456 2508
195 137 257 168 106

581 141 622 180 Q.
646 137 829 170 nonam
852 139 1002 172 uacet

294 201 398 235 Laeta
418 195 522 247 quod
539 197 660 248 pubes
675 197 818 235 hedera
837 198 975 236 virenti

296 257 469 296 Gaudeat
484 258 587 307 pulla
605 259 740 308 magis,
758 265 871 308 atque
889 259 1004 309 myrti

296 317 433 355 Aridas
453 317 604 354 frondes
621 317 765 355 Hiemis
783 318 903 356 sodali

477 377 636 415 Dedicet
654 377 796 416 Hebro.

191 509 337 550 praeponi
356 509 475 551 puellas
493 511 592 540 aetatis
612 509 691 541 flore
712 511 760 541 vi-

193 556 324 596 gentes?
361 554 490 586 Hederc‘z'
524 556 647 586 virenti
674 557 760 587 Gau-

192 601 271 631 deac
296 599 392 641 pulla
420 601 543 644 magis;
558 602 626 640 hic,
641 603 740 633 fateor
751 626 760 641 ‚

192 646 211 677 ὲ
223 647 361 677 lectione
379 654 411 677 et
423 648 683 688 interpretatione
698 650 762 680 fere

193 694 337 724 omnium
348 695 472 724 Horatii
480 695 690 736 interpretum
699 719 707 734 ‚
718 707 763 726 re-

194 741 283 771 cessi.
303 740 353 771 Sic
372 741 510 780 priorem
527 741 676 782 phraseos
691 754 762 783 par—

193 792 258 816 tem
278 786 421 828 intelligo
435 796 443 817 :
460 787 547 828 quod
565 788 666 828 pubes
682 796 764 819 amet

193 832 291 874 magis
311 832 460 863 hederam
478 834 650 872 virentem,
667 834 763 876 quam

192 877 341 910 hederam
347 878 516 910 marcidam
527 903 535 918 ,
546 887 576 910 et
585 882 683 912 aetatis
692 892 764 921 pro-

194 936 303 967 gressu
326 926 464 966 pullam,
482 926 515 955 id
547 933 612 964 est,
638 927 762 958 subfus-

195 982 275 1003 cam.
291 973 449 1003 Botanicae
463 973 537 1002 artis
551 975 684 1013 quaestio
697 981 763 1004 tota

193 1025 250 1050 est.
266 1018 437 1050 Constatne
449 1018 533 1060 apud
545 1021 665 1060 peritos
673 1021 763 1061 plan-

194 1071 299 1095 tarum
325 1066 542 1096 observatores
554 1088 563 1103 ‚
593 1066 741 1097 hederam
753 1090 762 1105 ‚

192 1109 292 1152 prout
308 1113 457 1151 senescit,
482 1114 679 1154 nigrescere;
694 1124 764 1143 nas-

192 1165 315 1188 centem
330 1160 406 1189 vero
419 1166 450 1189 et
463 1157 609 1190 nondum
626 1159 764 1190 adultam

193 1206 365 1236 tenerrimo
381 1212 412 1236 et
430 1205 539 1236 vivido
558 1206 664 1236 colore
682 1207 764 1237 vire-

192 1251 250 1282 re?
264 1262 331 1282 rem
347 1251 364 1282 ὲ
380 1263 430 1282 me
444 1252 640 1282 observatam
656 1252 762 1291 fuisse,

195 1297 346 1328 levissimi
361 1298 442 1330 foret
463 1298 631 1339 ponderi53
650 1297 763 1330 verum

193 1345 278 1376 viros
313 1346 383 1375 ruri
413 1346 560 1388 degentes
588 1351 619 1376 et
646 1346 764 1377 doctis-

193 1393 290 1423 simos
316 1392 485 1429 consului,
517 1392 575 1432 qui
607 1391 763 1430 judicium

194 1450 236 1470 ex
255 1439 355 1470 oculis
373 1439 450 1469 meis
469 1439 574 1479 primo
592 1437 762 1480 depromp-

194 1493 265 1517 tum
277 1486 482 1527 experientiae
500 1495 564 1515 suae
580 1486 764 1516 testimonio

195 1531 477 1563 confirmaverunt.
503 1534 618 1563 Sensus
640 1531 704 1571 jam
730 1532 766 1562 li-

195 1586 282 1620 quet.
306 1597 353 1603 --
373 1581 480 1620 Atque
519 1589 548 1608 m
545 1578 616 1618 yrci
656 1578 766 1608 aridas

187 1624 348 1669 frondes:
371 1624 436 1664 jam
466 1625 553 1654 nulla
577 1624 762 1663 difficultas3

196 1672 296 1713 myrti
314 1672 413 1713 ipsius
424 1694 432 1709 ‚
449 1671 568 1701 Veneri
592 1677 622 1701 et
640 1672 765 1702 Amori-

195 1718 259 1748 bus
277 1728 391 1755 sacrae,
409 1718 483 1748 solia
494 1739 502 1755 ‚
526 1715 600 1747 cum
621 1728 764 1748 marcue-

197 1770 290 1803 runt,
311 1764 352 1794 ab
367 1763 545 1794 amantibus
564 1764 706 1805 neglecta
722 1765 767 1803 ja-

198 1817 282 1842 cent.
305 1812 345 1841 In
366 1811 475 1841 ceteris
494 1810 689 1841 editionibus
706 1821 765 1853 pro

199 1857 296 1897 myrti
316 1857 432 1899 legitur
453 1865 573 1897 myrto,
592 1868 664 1898 quae
679 1854 764 1896 vox,

199 1902 290 1934 nulla
315 1902 457 1946 apposita
489 1905 764 1944 interpunctione,

199 1960 274 1980 cum
296 1951 402 1981 verbis
424 1950 676 1991 praecedentibus
693 1952 766 1990 jun-

199 1997 284 2039 gitur
294 2019 303 2035 ,
318 1996 363 2027 ita
386 2003 423 2027 ut
438 1997 557 2039 legant,
568 1995 664 2037 pallei
700 2007 767 2027 ma-

196 2043 249 2085 gis
263 2051 360 2084 atque
377 2051 500 2084 myrum
517 2051 548 2073 et
568 2054 625 2084 per
639 2044 765 2084 pullam

199 2098 336 2130 myrtum
346 2113 356 2127 ‚
386 2097 527 2132 myrtum
552 2089 685 2120 viridem
715 2091 764 2120 in·

198 2142 414 2178 terpretentur
424 2148 433 2175 3
449 2136 535 2177 quod
544 2137 676 2167 omnino
685 2138 766 2167 into-

197 2181 373 2215 lerandum.
393 2183 504 2214 Pullus
521 2183 606 2214 idem
629 2183 712 2214 valet
733 2193 766 2214 ac

1352 394 1382 411 20

812 510 911 553 niger.
927 512 1079 553 Exempla
1091 511 1246 542 affluunt:
1261 523 1302 543 ne
1317 523 1382 542 ma-

813 557 890 588 culis
898 557 1033 600 inficscet
1039 558 1167 589 vellera
1170 558 1280 599 pullis,
1290 560 1382 600 Virg-

815 604 931 645 Georg.
957 607 1026 644 ΙΙΙ,
1049 606 1126 645 389.
1154 605 1241 635 Alba
1269 605 1382 635 decem

817 650 960 680 Cererem
969 663 982 688 ;
991 659 1097 681 vestes
1110 651 1283 681 cerealibus
1291 651 1383 681 albas

817 696 951 733 Sumite,
971 708 1055 728 nunc
1065 697 1153 739 pulli
1162 697 1297 728 velleris
1310 708 1382 728 usus

816 742 904 773 abest
920 754 931 773 .·
945 743 1041 775 Ovid.
1064 745 1145 775 Fast.
1162 745 1228 782 IV,
1243 744 1319 775 620.
1342 745 1380 775 In

815 788 888 818 aliis
926 790 1107 831 regionibus
1144 789 1239 832 nigra
1278 797 1363 821 terra
1373 813 1381 829 ,

816 846 912 875 quam
919 836 1043 875 pullam
1052 844 1176 867 vocam·
1182 858 1193 873 ‚
1205 836 1289 868 Pliu.
1300 837 1381 868 Hist.

1139 883 1144 890 ι
1166 883 1174 890 ο
1199 883 1206 890 ο
1228 879 1235 890 ἱ

815 934 851 956 ut
879 925 954 957 cnm
981 928 1131 959 hederam
1164 927 1324 959 virentem
1348 930 1383 959 in

814 973 939 1014 signum
958 975 1136 1012 juventutis
1158 976 1269 1007 Horat.
1287 976 1384 1014 jacta-

816 1021 916 1058 verit,
939 1021 1042 1058 idem,
1071 1021 1182 1052 eodem
1205 1032 1318 1060 sensu,
1336 1021 1384 1052 ea-

816 1065 888 1096 dem
919 1067 1026 1107 phrasi
1057 1068 1186 1108 pullam
1223 1075 1358 1108 myrtum
1369 1091 1378 1104 ,

816 1111 849 1141 id
865 1119 926 1150 est,
943 1115 1066 1155 nigram
1087 1121 1228 1156 usurpet.
1247 1116 1323 1145 Haec
1339 1114 1384 1144 lo-

817 1169 891 1188 cum
905 1161 1022 1191 attente
1034 1160 1200 1191 meditanti
1210 1159 1382 1192 sufficiant.

817 1222 863 1228 —
874 1205 996 1236 Hiemis
1027 1207 1139 1238 sodali
1163 1207 1288 1238 dedicet
1317 1209 1382 1238 He-

813 1251 868 1281 bro
885 1261 892 1282 :
908 1252 998 1283 aliter
1012 1260 1044 1284 et
1056 1255 1091 1284 in
1104 1255 1273 1285 recentior.
1288 1255 1385 1284 inter·

814 1305 896 1339 pret.
926 1299 1050 1331 dedicet
1084 1302 1182 1332 Euro.
1214 1299 1311 1332 Nulla
1343 1300 1383 1331 de

816 1344 908 1373 causa
920 1345 988 1374 haeu
1001 1348 1190 1376 immutatio.
1208 1348 1312 1375 Eurus
1329 1355 1384 1376 ne-

814 1401 972 1431 quaquam
1004 1391 1159 1422 dicendus
1187 1398 1234 1422 est
1261 1391 1392 1430 Hiemi*

814 1436 951 1473 sodalis,
981 1439 1038 1478 qui
1048 1460 1057 1476 ‚
1087 1437 1161 1468 cum
1191 1438 1234 1468 sit
1268 1445 1384 1469 ventus

816 1482 896 1514 flans
911 1483 954 1514 ob
968 1485 1090 1514 oriente
1100 1507 1109 1523 ,
1122 1484 1244 1515 nullam
1264 1484 1304 1516 ad
1322 1484 1383 1526 hy-

816 1529 953 1560 bernum
975 1537 1100 1572 tempus
1127 1531 1310 1562 relationem
1328 1530 1383 1560 ha—

816 1576 880 1607 het.
923 1577 1050 1607 Hebrus
1084 1584 1207 1616 antem,
1241 1577 1384 1608 Thraciae

815 1622 932 1653 fluvius
946 1630 1010 1661 est,
1019 1623 1116 1654 hodie
1129 1623 1274 1662 Mariza,
1289 1633 1383 1665 quam

815 1670 976 1710 regionem
997 1677 1118 1700 veteres
1141 1677 1178 1700 ut
1200 1671 1318 1701 Hiemis
1341 1680 1385 1700 se·

818 1716 889 1746 dem
898 1714 1070 1756 fingebant.
1087 1717 1270 1748 Scortillum
1279 1723 1383 1747 autem

818 1761 993 1792 marcidum
1027 1770 1059 1793 et
1101 1763 1275 1801 exoletum,
1310 1763 1363 1793 cui
1373 1785 1382 1801 ,

817 1809 876 1840 sub
899 1808 1093 1840 caducorum
1114 1810 1212 1850 myrti
1232 1809 1384 1840 foliorum

815 1857 950 1897 imagine
982 1855 1114 1894 alludit,
1147 1865 1244 1896 quem
1276 1853 1385 1896 potius

818 1903 965 1932 maritum
989 1902 1134 1932 obtinere
1155 1901 1266 1940 decet,
1286 1900 1384 1942 quam

818 1948 953 1978 fluvium
968 1949 1124 1987 nivalem,
1139 1955 1171 1978 et
1181 1949 1256 1989 gelu
1269 1958 1383 1990 perpe-

818 2002 874 2025 tuo
891 1995 981 2035 quasi
1000 1995 1206 2026 concretum?
1219 1994 1385 2026 strictiore

817 2052 911 2071 sensu
921 2063 929 2079 ,
941 2041 1045 2072 Hebm
1057 2042 1222 2078 dedicare,
1239 2040 1310 2072 esta
1321 2042 1386 2071 Ro-

816 2087 867 2117 ma
876 2088 987 2126 ejicere
994 2095 1024 2118 et
1033 2090 1067 2120 in
1076 2087 1222 2119 barbaras
1230 2086 1387 2130 glaciales-

817 2144 878 2174 que
892 2135 997 2175 plagas
1006 2137 1153 2177 relegare,
1162 2144 1258 2175 quam
1270 2142 1385 2166 sortem

820 2180 929 2221 Lydiae
946 2184 1080 2214 ominari
1093 2181 1236 2214 finiendo
1249 2181 1385 2213 videtur.

604 2291 980 2309 ψ-
