1456 2508
20 0 327 108 W
379 1 382 4 “
418 0 439 17 κ
483 4 490 11 w

24 130 35 142 1!

513 135 592 166 Lm.
617 135 651 178 u
675 134 764 167 oon
787 134 883 167 m.
1243 135 1310 167 215

247 192 433 233 Rhoetum
450 193 643 231 retorsisti
661 192 783 230 leonis

298 252 524 306 UnguibuS‚
543 252 802 304 horribilique
821 252 942 291 mala:

193 318 437 367 Quamquam
455 315 608 353 choreis
628 315 757 366 aptior
773 323 811 352 et
826 314 924 365 jocis
1278 323 1310 348 25

193 378 384 429 Ludoque
403 389 418 411 ⁹
434 377 559 416 dictus
571 405 582 424 ‚
601 389 682 414 non
702 384 761 415 sat
780 375 943 414 idoneus

247 443 390 490 Pugnae
408 437 616 486 ferebaris3
636 437 705 476 sed
721 437 826 475 idem

301 499 409 538 Pacis
429 512 513 537 eras
530 498 757 550 mediusque
772 498 876 536 belli.

193 565 250 601 Te
265 560 365 599 vidit
378 562 508 599 insons
527 560 721 600 Cerberus
743 568 772 584 ¹0
790 572 911 599 aureo

198 625 331 661 Cornu
350 622 553 670 decorum,
574 622 712 660 leniter
731 629 900 659 atterens
1274 631 1307 656 3.-

245 684 416 723 Caudam
426 713 436 731 ,
456 692 495 722 et
514 683 729 722 recedentis
745 682 917 733 trilingui

301 747 381 784 Ore
397 745 515 797 pedes
536 744 739 796 tetigitque
755 756 884 782 crura.

86 865 234 899 Mmtum
247 876 259 897 .·
271 875 378 897 unum
393 865 410 896 ὁ
428 863 609 896 Titanibus.
623 881 672 888 —

86 912 254 946 Recorsisti
265 924 279 944 .-
291 913 379 944 retrb
396 911 509 943 cedere
525 912 669 954 coegisti.

86 978 135 987 —
146 959 265 992 Leonis
283 959 447 1003 Unguibus
462 958 669 1000 horribilique

86 1005 180 1040 mala
192 1019 203 1040 .·
218 1009 255 1039 in
272 1007 401 1039 leonem
415 1017 547 1044 versus3
567 1006 669 1048 desig-

85 1063 144 1088 mt
173 1054 396 1101 arm-leonis
426 1054 567 1085 maxime
601 1065 668 1084 me-

87 1102 209 1134 tuenda
222 1114 232 1142 ς
247 1112 373 1145 ungues
389 1101 531 1140 scilicet,
547 1108 579 1132 et
592 1101 668 1132 den-

89 1157 137 1182 tes
153 1150 246 1182 malae
263 1149 317 1182 vel
337 1149 478 1180 maxillae
500 1148 665 1180 adhaeren-

93 1203 153 1230 ἥδ.

131 1256 165 1287 9.
131 1243 392 1288 9Quamque'zm
413 1242 538 1274 choreis
560 1242 669 1284 aptior

83 1291 227 1336 eejocis‚
254 1291 436 1334 Ludoque:
460 1301 518 1332 per
533 1291 659 1330 Iudam,

81 1339 227 1382 intellige
248 1340 366 1370 amoris
392 1338 521 1369 delicias
550 1345 582 1368 et
607 1349 666 1370 vo-

80 1384 230 1431 luptates.
246 1385 372 1419 Revera
394 1385 512 1417 Bacchi
530 1387 667 1416 numine

83 1433 200 1478 saepiiis
214 1433 372 1465 dicuntur
391 1433 510 1471 afflati,
528 1434 585 1475 qui
605 1435 667 1464 Ve-

82 1492 194 1515 nerem
209 1487 372 1513 sectantur
386 1488 418 1511 et
433 1482 535 1520 jocos.
552 1482 666 1511 Martis

82 1530 190 1562 tamen
213 1530 354 1560 amicum
373 1539 440 1559 esse
459 1538 528 1558 non
544 1526 664 1558 diffite-

81 1576 204 1608 bantur
215 1600 224 1615 ,
238 1577 440 1618 quicumque
456 1576 542 1605 rixas
554 1582 586 1605 et
596 1576 664 1614 jur-

82 1625 133 1667 gia
153 1624 171 1655 ὸ
186 1625 289 1655 nimio
307 1623 377 1653 vini
395 1622 514 1653 haustu
530 1629 606 1652 nata
629 1623 663 1653 in

81 1671 268 1703 memoriam
280 1669 491 1702 revocabunt.
501 1669 579 1700 Ideo
588 1692 597 1708 ‚
603 1680 664 1711 par

82 1718 128 1750 eis
153 1725 186 1750 et
202 1717 279 1749 belli
305 1716 430 1748 meditts
461 1716 596 1754 dicitur,
627 1717 663 1748 id

81 1772 148 1804 est,
164 1764 210 1796 ita
236 1765 378 1807 positus,
397 1771 435 1794 ut
456 1762 473 1794 ὲ
492 1774 572 1806 pace
595 1775 664 1795 non

82 1813 212 1854 longius
238 1811 335 1853 quam
359 1811 378 1842 ἐι
402 1810 489 1841 bello
514 1811 662 1851 recedat,

83 1868 116 1891 et
133 1859 264 1900 utrique
275 1881 283 1896 ‚
307 1855 406 1900 proiit
421 1865 566 1900 tempora
588 1869 663 1900 pos-

85 1913 186 1946 cunt,
205 1905 388 1938 famuletur.

134 1963 188 1985 ro.
203 1954 247 1984 Te
258 1951 344 1984 vidit
354 1952 464 1983 insons
486 1952 663 1983 Cerberus-
651 1977 658 1983 .

85 1999 255 2040 Cerberus,
272 1999 332 2031 tibi
345 2011 411 2031 non
430 2010 551 2031 nocens
568 2000 607 2031 ad
618 2002 664 2031 iu-

84 2048 168 2079 feros
179 2047 396 2087 descendenti,
411 2054 447 2078 ut
458 2047 534 2079 inde
550 2048 664 2079 Ariad-

723 875 800 895 nem
811 874 948 894 uxorem
962 862 1304 896 reduceres-Aureo

727 912 834 943 Cornu
849 911 999 942 decorum
1011 923 1022 941 :
1037 911 1165 942 Baccho
1182 921 1307 943 cornua

723 958 937 997 tribuuntur,
962 958 1030 989 sive
1058 958 1148 1000 quod
1166 959 1201 989 in
1216 956 1313 1000 parte

722 1006 809 1036 Asiae
826 1017 924 1048 quam
939 1005 1067 1048 subegit
1078 1029 1087 1044 ,
1101 1006 1227 1049 vulgari
1241 1017 1307 1037 ser-

722 1063 819 1084 mone
843 1064 942 1084 comu
967 1060 1006 1084 ut
1030 1055 1197 1095 potestatis
1219 1053 1306 1085 indi-

721 1101 810 1131 cium
853 1101 1070 1132 communiter
1116 1107 1305 1143 usurpatur.

721 1150 887 1189 Frequens
911 1150 946 1180 iu
968 1159 1007 1179 eo
1026 1158 1123 1179 sensu
1144 1148 1233 1190 apud
1255 1159 1305 1179 sa-

719 1206 792 1227 eros
802 1197 982 1238 Scriptores
995 1196 1083 1226 vocis
1096 1205 1198 1226 cornu
1210 1206 1306 1235 usus3

718 1243 807 1281 sive,
852 1243 962 1285 quod,
1012 1242 1187 1274 immodico
1225 1243 1305 1275 vino

719 1290 851 1330 obruti,
878 1298 986 1321 truces
1014 1296 1047 1321 et
1077 1290 1306 1322 contumeliosi

719 1336 930 1377 efficiuntur,
962 1338 1126 1379 tantisque
1166 1337 1303 1377 similes,

720 1385 817 1416 obvia
846 1396 983 1427 quaeque
1007 1385 1112 1416 veluti
1133 1396 1238 1417 cornu
1259 1385 1305 1416 fe·

719 1434 832 1472 riunt;
850 1434 918 1464 sive
951 1432 1092 1474 denique
1116 1433 1227 1474 quod,
1245 1443 1304 1474 per

719 1491 861 1518 cornua,
891 1480 1020 1518 radim,
1053 1480 1304 1512 immortalitatis

719 1534 752 1558 et
763 1527 884 1559 divinae
903 1534 1026 1558 naturae
1039 1527 1178 1566 indices,
1189 1527 1303 1569 capiti-

718 1586 782 1616 que
804 1575 902 1617 super
916 1575 1122 1606 imminentes
1141 1581 1247 1617 poetae
1269 1581 1303 1606 et

717 1622 856 1663 pictores
872 1622 1104 1654 intellexerint.
1114 1639 1164 1646 —
1172 1621 1304 1654 Leniter

717 1676 862 1700 atterens
873 1669 1016 1700 caudam
1031 1680 1043 1700 :
1055 1671 1164 1712 imago
1181 1670 1304 1701 suavis-

717 1718 798 1747 sima
825 1718 913 1748 canis
943 1718 1117 1759 pavitantis
1143 1716 1241 1749 simul
1269 1723 1303 1748 et

717 1763 923 1797 blandienti&
948 1764 1034 1796 Vide
1054 1765 1146 1807 Virg.
1173 1763 1300 1796 AEneid.

718 1813 782 1850 XI,
804 1812 887 1850 812,
908 1812 948 1843 de
963 1812 1044 1854 lupo
1067 1811 1197 1855 fugaci:
1216 1812 1301 1844 Cau-

718 1859 860 1901 dumque
875 1859 1057 1890 remulcens
1074 1859 1216 1902 Subsecit
1235 1869 1299 1900 pa-

718 1913 871 1936 meantem
886 1915 987 1938 utero.
1003 1908 1113 1939 Nota'
1103 1918 1140 1938 m
1161 1907 1300 1938 Horatio

717 1952 906 1985 adverbium
929 1954 1064 1992 leniter,
1103 1954 1194 1996 quod
1227 1955 1300 1995 qui-

717 2000 790 2031 dem
828 2002 901 2032 cani
931 2003 1052 2033 mirum
1092 2002 1129 2032 in
1165 2000 1299 2032 modum

717 2050 889 2091 congruit,
904 2049 1007 2092 lupo,
1019 2047 1218 2082 nullatenus.

417 2207 964 2240 &mow—
