1456 2508
502 108 582 141 Lm.
605 109 640 140 11
662 108 752 141 ODE
776 106 838 138 111.
862 128 867 135 .

1233 102 1298 135 153

79 235 447 250 mmmmm„
451 232 1025 251 mmwsmmmmsmsmn
1029 230 1300 245 §sussnssmu

433 394 598 459 ODE
649 395 946 457 TERTIA

478 552 564 596 AD
598 551 900 596 DELLIUM.

83 683 252 715 Moderata
263 681 443 726 serendam
471 692 539 713 esse
564 689 735 724 utramque
750 679 947 723 fortunam,
969 679 1042 710 ct'tm
1067 677 1214 710 omnibus
1237 677 1298 709 im·

124 738 272 779 pendeat
288 749 384 780 aequn
399 736 562 768 mor-Iendi
575 736 732 774 condicio,
752 735 889 778 ideoque
901 735 1009 766 ‘vitam
1026 733 1184 772 hilariter,
1197 744 1299 776 quan-

127 794 194 824 tiam
202 793 285 838 fieri
292 800 418 835 potest,
435 792 682 824 traducendam.

186 907 345 949 AEqmm
362 911 556 941 memento
575 902 692 941 rebus
711 901 752 939 in
771 901 902 940 arduis

188 970 351 1006 Servare
369 974 537 1004 mentem
558 973 583 1012 ¹,
602 979 681 1003 non
699 966 808 1002 sectis
828 964 867 1002 in
886 964 999 1002 bonis

241 1027 303 1066 Ab
322 1027 501 1066 insolenti
521 1032 772 1078 temperatam

296 1088 448 1126 Laetitia
457 1117 467 1136 ‚
484 1087 672 1125 moriture
680 1116 691 1134 ,
708 1085 809 1124 Delli
818 1116 829 1134 ,

190 1151 268 1187 Seu
288 1157 444 1187 moestus
466 1157 482 1171 ²
500 1148 604 1186 omni
623 1157 798 1198 tempore
814 1147 976 1195 vixeris,

187 1212 264 1248 Seu
282 1218 319 1247 te
338 1209 379 1246 in
396 1217 545 1247 remoto
561 1208 733 1259 gramine
750 1221 820 1259 per
839 1207 920 1246 dies

239 1272 370 1308 Festos
392 1269 619 1307 reclinatum
637 1268 766 1306 bearis

292 1330 482 1368 Interiore
500 1331 593 1368 notat
610 1329 776 1367 Falerni.

134 1464 163 1486 1.
177 1454 320 1496 AEquam
336 1460 478 1484 mentem
493 1463 504 1482 .·
518 1452 662 1484 animum

79 1501 289 1542 aequabilem,
308 1510 375 1531 non
403 1499 542 1530 fractum
563 1500 661 1530 rebus

80 1546 350 1579 adversis—Ab
370 1545 527 1577 insolenti
543 1553 662 1587 tempe-

80 1601 187 1624 ratam
203 1590 320 1625 laeticia
330 1605 341 1624 .·
354 1591 419 1624 tam
428 1593 588 1635 sapienter
601 1593 663 1624 dis-

79 1642 234 1683 positam,
251 1647 290 1672 nt
308 1640 349 1671 ab
374 1641 529 1671 insolenti
550 1640 661 1671 laetitia

81 1688 144 1719 sibi
168 1694 340 1730 temperet,
359 1687 394 1718 id
418 1695 466 1718 est
492 1688 660 1719 abstineat.

81 1752 130 1759 —
143 1735 318 1766 Morimre:
332 1741 398 1765 tota
412 1735 460 1765 vis
472 1734 572 1774 hujus
581 1742 662 1766 stro-

82 1781 161 1824 phes
176 1783 211 1813 in
226 1781 323 1813 unica
339 1780 394 1812 illst
416 1792 495 1812 voce
506 1805 514 1820 ,
530 1782 662 1812 moritu-

84 1840 137 1866 re,
154 1830 318 1867 consistit,
335 1839 430 1870 quam
441 1853 450 1865 ,
468 1839 538 1859 non
550 1836 587 1860 ut
599 1831 663 1871 epi-

85 1875 199 1907 tethon
208 1899 217 1914 ‚
232 1876 289 1906 sed
302 1883 339 1906 nt
350 1877 544 1918 praecipuam
555 1876 661 1918 philo-

82 1922 208 1964 sophici
215 1923 343 1954 consilii
352 1933 489 1962 causam,
502 1930 538 1954 ut
548 1934 662 1954 vocem

85 1970 162 2001 vere
192 1970 418 2001 dominantem
444 1971 580 2012 intelligi
607 1982 663 2002 ne-

87 2027 173 2048 cesse
189 2024 247 2048 est.
262 2036 310 2043 --
324 2018 417 2048 Delli
428 2028 440 2047 .·
458 2018 520 2048 fuit
539 2018 663 2049 Demus

87 2071 196 2096 orator
209 2072 240 2095 et
254 2064 426 2096 historicus
437 2066 586 2108 insignis,
606 2067 664 2106 qui

87 2112 190 2143 varias
208 2112 286 2142 belli
297 2112 399 2143 civilis
413 2113 500 2143 vices
512 2119 642 2143 secutus
651 2135 659 2151 ‚

88 2161 268 2192 octaviano
283 2160 401 2190 victori
423 2159 573 2198 adhaesit3
586 2170 665 2201 qua-

87 2207 222 2249 proptei·
242 2206 384 2237 desultor
408 2206 564 2237 bellorum
593 2206 666 2237 civi-

86 2254 166 2286 lium
193 2253 344 2297 (gallice,
372 2253 403 2285 le
425 2254 592 2297 voltigeur
610 2253 668 2285 des

712 1462 846 1494 guerr-es
861 1449 1000 1493 civiles),
1019 1449 1037 1480 a
1053 1448 1172 1482 Seneca
1190 1449 1300 1493 appel-

715 1499 798 1530 latus
814 1505 871 1529 est.

765 1556 796 1577 2.
828 1547 890 1575 Seu
927 1552 1056 1575 moeseus
1069 1555 1080 1575 .·
1097 1545 1196 1587 junge
1223 1555 1300 1576 cum

714 1593 835 1631 verbo,
853 1592 1015 1624 moriture.
1044 1594 1096 1623 Tu
1119 1594 1176 1634 qui
1202 1593 1300 1624 mori-

717 1647 811 1671 turus
830 1651 882 1679 es,
902 1641 968 1670 sive
994 1640 1109 1678 tristis,
1127 1640 1196 1671 sive
1217 1640 1299 1671 hila·

715 1689 759 1718 ris
780 1689 911 1720 vixeris.
927 1705 976 1711 —·
991 1690 1056 1718 Per
1080 1686 1151 1718 dies
1169 1685 1298 1730 festos:

715 1742 928 1777 opponuntur
943 1734 996 1765 hic
1013 1735 1080 1765 dies
1093 1734 1165 1765 festi
1178 1734 1228 1765 his
1243 1744 1299 1766 vo-

716 1782 808 1813 cibus
816 1806 825 1821 ,
837 1782 928 1813 omni
939 1790 1082 1824 tempore
1091 1793 1103 1813 .·
1112 1784 1220 1823 itaque
1228 1793 1297 1813 non

714 1829 862 1870 loquitur
890 1837 977 1861 vates
1008 1828 1233 1860 tantammodo
1257 1829 1298 1860 de

714 1876 830 1908 diebus
843 1888 924 1919 quos
939 1877 1134 1916 identidem,
1148 1888 1207 1918 per
1221 1877 1299 1908 anni

716 1925 934 1963 curriculum,
956 1925 1070 1966 religio
1091 1931 1299 1955 amovemus

716 1972 843 2013 politici
855 1972 974 2002 laetitiae
988 1972 1172 2010 sacrabant,
1187 1971 1244 2002 sed
1258 1970 1298 2002 de

716 2020 875 2049 universis
886 2021 960 2050 anui
971 2019 1086 2050 diebus
1096 2043 1105 2057 ‚
1120 2020 1176 2060 qui
1187 2042 1195 2056 ,
1206 2025 1298 2059 quot-

717 2073 798 2107 quot
813 2066 957 2097 fluebant
967 2089 976 2104 ‚
986 2066 1112 2097 homini
1122 2065 1298 2107 opulentis-

716 2114 797 2144 simo
823 2114 897 2144 vere
908 2113 993 2156 fi’sti
1007 2114 1119 2144 haberi
1135 2119 1296 2154 poterant.

717 2178 764 2184 —-
779 2160 940 2191 Interiore
959 2159 1036 2191 notd
1052 2159 1188 2191 Falerni
1200 2171 1212 2191 .·
1226 2161 1298 2191 vini

718 2209 982 2249 praestantissimi.
1021 2226 1067 2231 —
1099 2206 1257 2239 Inter-iore
1283 2219 1295 2239 .·

718 2255 754 2285 id
773 2262 837 2294 est,
856 2256 892 2286 in
911 2254 1122 2286 remotissima
1145 2255 1233 2286 cellae
1251 2255 1298 2287 vi-
