1456 2508
516 111 595 143 LIB.
621 111 637 141 Ι
662 111 750 143 ODE
774 112 819 143 11.

1238 111 1278 140 31

197 165 303 203 Heu!
321 164 436 205 nimis
455 167 572 220 longo
592 169 726 207 satiate
745 169 891 216 ludov,

198 228 324 274 Quem
340 227 451 279 juvat
472 230 632 277 clamor,
658 231 852 282 galeaeque
870 230 993 281 leves,

198 289 300 326 Acer
319 298 358 328 et
374 290 496 328 Marsi
512 290 654 342 peditis
673 301 877 330 cruentum

381 353 524 391 Vultus
543 352 584 390 in
603 352 754 390 hostem
762 368 774 401 3

1249 362 1283 388 iio

198 409 290 448 Sive
309 413 490 450 mutat÷⁴1¹²
503 413 685 464 juvenem
705 413 828 463 figurat

196 470 305 519 Ales,
326 471 367 510 in
386 473 500 511 terris
517 473 699 521 imitaris,
721 473 829 510 almae

197 531 315 570 Filius
334 533 468 581 Maiae,
489 534 640 585 patiens
659 534 792 572 vocari

384 594 543 633 Caesaris
560 595 666 633 ultor
683 610 692 632 :

195 654 311 691 Serus
327 653 368 691 in
385 655 524 692 coelum
543 656 700 703 redeas,
721 655 866 706 diuque

1249 664 1281 692 45

194 715 323 752 Laetus
341 715 494 755 intersis
516 717 663 767 populo
685 715 840 763 Quirini
854 715 895 763 ¹³3

193 777 301 813 Neve
321 785 358 814 te
377 778 519 816 nostris
539 778 643 816 vitiis
661 778 838 828 iniquum

382 839 502 877 Ocior
520 853 615 877 aura

192 898 330 937 Tollat.
350 899 424 939 Hic
443 916 601 953 magnos
622 901 751 953 potitis
773 900 1044 951 triumphoswt,

193 958 268 998 Hic
287 973 390 1000 ames
409 962 486 1002 dici
506 972 617 1015 pater
635 972 751 1014 atque
768 962 967 1014 princeps;
1243 972 1276 996 50

48 1092 168 1130 mater,
193 1088 246 1119 oui
267 1099 363 1132 opem
386 1090 469 1123 ferre
490 1091 643 1134 negligis,

63 1145 158 1178 quam
181 1146 223 1166 ex
243 1137 363 1178 oculis,
390 1150 431 1170 ex
450 1141 563 1177 *animo
586 1147 644 1171 tuo

62 1181 180 1214 videris
193 1183 350 1223 rejecisse.

115 1240 168 1262 11.
186 1232 300 1275 Longo
318 1232 396 1264 ludo
410 1244 421 1264 :
435 1233 544 1273 bellis,
570 1245 642 1276 quae

64 1284 142 1309 sunt
155 1279 270 1310 Martis
283 1282 374 1322 quasi
396 1280 466 1311 ludi
490 1288 521 1312 et
537 1282 645 1313 oblec-

36 1346 39 1349 -
63 1331 272 1358 tamenta.—
283 1327 462 1370 Galeoeque
476 1329 574 1366 leves,
592 1340 645 1361 ex-

31 1383 42 1396 *
62 1373 184 1416 politae.
197 1390 246 1399 ——
256 1375 362 1406 Marsi
367 1376 488 1418 peditis
503 1388 515 1406 .·
528 1378 563 1407 in
578 1384 642 1410 vet.

62 1419 116 1456 ed.
134 1432 195 1463 pro
207 1422 315 1453 Marsi
328 1423 496 1466 legebatur
512 1424 645 1462 Mauri,-

23 1484 30 1497 κ
63 1467 170 1511 placet
189 1471 229 1502 T.
244 1469 340 1501 Fabri
354 1471 551 1510 emendatio,
568 1471 643 1513 quia

62 1515 164 1557 Karai
176 1518 399 1549 Romanorum
420 1518 554 1550 fuerunt
577 1519 642 1550 for-

62 1563 192 1603 tisdmi3
208 1563 292 1596 infra
307 1564 366 1598 lib.
383 1567 432 1605 11,
449 1566 504 1597 od.
522 1577 580 1606 20,
598 1568 645 1597 Et

64 1609 123 1652 qui
130 1609 312 1643 dissimulat
322 1620 442 1644 metum
457 1615 580 1645 Μαι-σεε
592 1625 642 1644 co-

65 1655 179 1696 hortis,
193 1664 226 1690 et
240 1660 290 1691 111
300 1682 310 1700 ,
327 1659 347 1691 5
356 1683 366 1700 ,
380 1662 508 1692 Marsus
524 1669 556 1692 ec
570 1664 639 1703 Ap-

55 1705 166 1748 palus.

111 1760 167 1785 12.
195 1751 266 1785 Sive
293 1751 420 1786 mutata
448 1755 639 1798 :Augusto

36 1798 38 1800 ’
59 1804 357 1844 moeturpoeta,
368 1800 640 1835 duminnuitnon

22 1858 26 1877 z
58 1846 248 1888 hominem,
279 1848 335 1880 sed
362 1849 479 1889 deum,
507 1852 639 1882 Mercu-

23 1891 59 1933 ῤ’
58 1894 148 1927 rium
166 1895 286 1928 scilicet
299 1896 360 1927 sub
375 1895 480 1940 figura
498 1899 640 1940 Augusti

59 1941 237 1975 vindictam
269 1944 400 1976 Caesaris
433 1944 530 1987 digne
562 1956 640 1976 mox

57 1997 321 2032 procuraturum.
336 1993 454 2024 Sensus
468 1999 575 2023 autem
587 1992 640 2024 hic

41 2042 134 2075 ’ωε
148 2038 216 2070 aive
230 2044 283 2077 tu,
301 2038 383 2070 alate
401 2038 480 2070 deus
497 2039 560 2082 (ab
582 2040 640 2071 alls

10 2050 63 2189 5

52 2082 258 2129 uhnbus),
282 2086 341 2128 qui
364 2087 519 2119 Caesarem
542 2087 638 2118 ulcis-

42 2131 154 2174 §gadi
166 2133 341 2172 consilium
360 2143 430 2165 non
443 2133 635 2174 dissimulas,

159 2178 202 2212 'ta
222 2180 342 2212 divinae
361 2180 473 2213 formae
492 2183 636 2222 majesta-

54 2232 87 2262 te
84 2215 208 2267 '‘ffuh·
196 2229 326 2269 juvenis
334 2216 485 2271 Augusti
497 2228 635 2284 persona

51 2270 149 2316 qufi'm
161 2274 338 2315 induisti,'
327 2287 362 2308 m
378 2277 471 2308 terris
486 2277 632 2309 versaris.

749 1092 803 1122 13.
827 1090 954 1132 Populo
981 1088 1113 1132 Quirini
1134 1100 1146 1120 .·
1170 1091 1281 1131 Quiri-

698 1149 777 1177 nus,
803 1149 984 1180 cognomen
1012 1137 1163 1176 Romuli,
1193 1137 1282 1169 unde

697 1184 808 1227 poste&
841 1185 978 1227 Quirites
1002 1186 1143 1217 Romani
1172 1185 1282 1227 appel-

697 1233 764 1265 lati.
778 1250 827 1258 -
845 1233 945 1264 Ocior
958 1243 1042 1263 aura
1058 1243 1069 1262 :
1083 1243 1126 1263 ne
1141 1231 1280 1264 nimium

698 1281 764 1311 cito
780 1281 904 1319 avoles;
919 1280 1124 1312 Mercurium
1139 1279 1258 1311 alatum
1269 1304 1279 1319 ‚

697 1330 866 1369 ventisque
880 1328 962 1359 adeo
977 1329 1013 1358 in
1030 1327 1149 1358 coelum
1170 1327 1281 1358 subla·

698 1382 769 1407 tum
793 1375 891 1406 etiem
914 1375 969 1406 hic
995 1375 1132 1417 respici,
1151 1374 1210 1406 vix
1233 1382 1282 1407 est

698 1430 736 1454 ut
750 1433 910 1455 moneam.

750 1481 764 1500 1
772 1476 803 1508 4.
819 1472 852 1501 H
854 1469 898 1507 ic,
917 1480 1054 1513 magnos
1056 1469 1167 1511 potius
1175 1468 1281 1502 tn'um-

692 1517 777 1559 phos
801 1529 812 1549 .-
834 1518 924 1549 hunc
955 1519 1173 1548 accusativum
1197 1518 1281 1560 regit

697 1566 834 1596 verbum
850 1576 942 1596 ames
959 1564 1050 1606 quod
1067 1566 1102 1595 in
1120 1575 1217 1596 versu
1230 1575 1282 1596 se-

695 1614 810 1654 quenti
830 1624 905 1643 cum
927 1611 1095 1643 infinitivo
1109 1613 1280 1655 conjungi-

695 1666 765 1699 tur;
781 1659 962 1692 notandum
976 1658 1086 1702 potius
1098 1658 1197 1701 quam
1209 1660 1283 1691 imi-

697 1708 843 1740 tandum.
858 1725 904 1731 -—
920 1706 1001 1744 Hic,
1024 1718 1115 1738 ames
1137 1707 1205 1738 dici
1213 1718 1279 1749 pa-

693 1762 743 1785 ter
750 1763 849 1797 atque
852 1755 1005 1797 princeps
1015 1765 1026 1785 :
1035 1754 1173 1798 dignitas
1180 1756 1281 1797 impo-

693 1805 811 1834 ratoria
833 1803 1032 1844 benignitate
1050 1801 1183 1844 paternit
1199 1809 1278 1833 tem-

693 1857 802 1891 perata
814 1874 822 1889 ‚
839 1850 1099 1892 pulcherrimum
1115 1850 1274 1893 Augusti,

694 1904 726 1928 et
742 1899 805 1928 viri
820 1898 978 1940 principis
990 1897 1164 1937 cujuslibet
1178 1908 1276 1928 enco-

694 1945 818 1975 mium?
843 1945 1010 1988 Augustus
1039 1952 1147 1976 autem
1182 1947 1214 1977 S.
1238 1945 1275 1977 C.

693 1995 787 2023 Pater
799 1993 914 2024 Patriae
925 1992 1030 2022 suerat
1038 1993 1276 2034 appellatus.—

693 2039 808 2071 Medos
817 2051 828 2070 .·
839 2039 875 2070 id
887 2046 951 2078 est,
961 2038 1095 2070 Parthos
1103 2062 1111 2077 ‚
1125 2046 1165 2070 ut
1176 2039 1275 2081 supra

693 2089 812 2119 Persoe.
827 2105 874 2111 —-
896 2085 1055 2129 Euqitare
1069 2097 1081 2117 .·
1099 2086 1274 2128 equitando

691 2134 788 2166 nobis
810 2134 982 2172 insultare3
1007 2144 1049 2164 ex
1071 2135 1163 2175 equis
1187 2134 1273 2166 enim

690 2182 882 2224 pugnabant
918 2180 1030 2213 Parthi
1061 2181 1271 2222 peritissime3

689 2228 792 2268 infra,
815 2229 886 2262 Ode
903 2231 1003 2268 xlx,
1025 2238 1063 2259 11
1076 2251 1086 2267 ,
1111 2235 1144 2260 et
1166 2228 1272 2261 versis

688 2276 870 2309 animosum
884 2275 974 2319 equis
985 2274 1154 2309 Parthum.
1167 2278 1271 2308 -In-
