1416 2508
571 146 634 183 PR
640 146 855 183 AEFATlo.
1256 161 1316 185 vu

94 236 146 268 ut
167 241 268 270 eum
281 259 292 281 ,
313 241 444 284 quem
466 224 646 268 victoria
662 226 820 283 Diique
846 240 1024 267 summae
1040 241 1188 269 rerum
1209 242 1319 286 prae-

98 291 289 340 fecerant
301 326 313 348 ,
331 293 386 335 ad
405 304 571 335 rectum
594 308 804 351 supremae
824 293 1050 351 potestatis
1067 309 1196 335 usum
1213 309 1319 337 con-

95 361 535 417 tinuoexcitarent,et
553 362 750 404 amissam
770 361 1014 404 libertatem
1036 363 1220 422 publicae
1243 363 1322 406 sal-

97 431 184 473 tem
199 430 414 472 felicitatis
427 441 662 488 prospectu
676 428 930 472 solarentur.
943 430 1008 472 Ex
1021 429 1092 472 illo
1103 429 1320 474 scribendi

98 508 142 540 et
162 498 317 557 agendi
336 497 535 552 consilio,
562 498 683 556 quod
706 498 950 541 Maecenatis
966 499 1090 550 jussu
1110 514 1315 557 suscepe-

96 577 174 620 rat,
183 565 409 609 defluxisse
419 566 688 610 credendum
700 579 764 609 cst
773 566 999 626 magnifica
1011 566 1082 609 illa
1090 566 1323 625 religionis,

95 635 239 694 legum
253 669 265 690 ,
284 651 459 678 morum
482 638 695 695 praeconia
709 669 720 691 ,
738 652 834 694 quae
859 636 953 678 tum
973 636 1018 677 in
1043 634 1184 695 lyricis
1196 669 1208 689 ,
1225 635 1319 678 tum

94 703 141 745 in
161 703 350 762 epistolis
363 737 375 759 ,
393 706 512 746 tanta
530 704 594 758 vi,
614 705 734 746 tanta
749 703 1070 762 perseverantia
1094 702 1318 746 celebran-

94 782 179 814 tur.
200 773 252 814 In
269 772 320 814 iis
337 772 440 831 ipsis
453 805 464 827 ,
490 773 534 814 in
555 774 714 830 quibus
735 771 906 831 poetica
930 770 1121 814 laudatio
1141 771 1196 813 ad
1215 770 1319 813 adu-

93 838 299 882 lationem
326 839 552 883 deflectere
578 839 713 882 videri
746 852 910 899 potest,
935 842 1152 897 nusquam
1176 851 1317 884 vatem

95 907 349 951 nobilissimi
369 909 581 967 propositi
600 910 899 951 immemorem
926 909 1128 967 reperias.
1156 909 1317 967 Regum

94 977 375 1019 timendorum
394 979 440 1018 in
448 979 646 1036 proprios
667 992 816 1035 greges
841 979 1064 1035 imperium
1083 991 1175 1019 esse
1200 993 1317 1021 asse-

31 1085 44 1095 ,
94 1043 172 1098 rit3
196 1055 240 1086 et
264 1045 359 1102 quis
384 1046 498 1088 serio
516 1045 670 1103 neget?
695 1045 884 1098 Verum,
915 1047 1046 1102 supra
1065 1059 1187 1103 reges
1208 1045 1316 1086 emi·

93 1120 186 1165 net,
203 1111 308 1154 etin
326 1127 400 1154 eos
422 1124 646 1155 exercetur
670 1114 892 1171 imperinm
913 1113 1049 1164 Iovis,
1079 1111 1150 1153 cui
1176 1113 1316 1154 omnis

92 1177 174 1221 alia
190 1189 380 1237 potestas
395 1213 406 1234 ,
421 1183 646 1239 gigantaea
662 1180 780 1234 licet,
801 1181 962 1238 impar3
990 1182 1012 1222 a
1037 1194 1126 1237 quo
1148 1182 1221 1234 jus
1239 1180 1318 1238 igi·

93 1243 164 1287 tur
174 1245 548 1302 omnederivatur3
562 1249 684 1301 cujus
699 1247 888 1305 denique
899 1246 1092 1301 fulmina,
1104 1256 1319 1305 potestate

93 1328 223 1371 quam
247 1317 272 1356 a
288 1316 394 1359 Jove
412 1316 506 1359 solo
522 1316 708 1359 mutuati
721 1327 824 1358 sunt
842 1315 1142 1370 abutentibus,
1165 1315 1318 1357 formi-

93 1379 247 1425 danda.

150 1451 286 1505 Vide,
304 1452 349 1494 in
372 1451 468 1494 Ode
495 1452 647 1510 quarta
668 1451 769 1493 libri
796 1452 960 1509 quarti,
989 1453 1121 1507 quam
1147 1451 1288 1495 vivide
1304 1486 1315 1507 ,

91 1521 222 1576 quam
238 1519 394 1573 effuse,
417 1521 617 1579 Augusto
634 1521 819 1562 Romam
836 1518 1036 1561 redeunti
1050 1519 1289 1579 gratulatus
1303 1552 1315 1574 ,

86 1599 307 1646 acceptam
335 1588 375 1629 ei
402 1587 563 1630 referat
591 1603 796 1646 agrorum
822 1587 1122 1642 securitatem,
1147 1598 1316 1646 partam

88 1653 188 1695 urbi
215 1653 549 1709 abundantiam,
584 1666 790 1697 assertam
821 1653 1081 1696 commercio
1109 1655 1314 1709 tutelam,

87 1722 412 1779 praesertimque
443 1733 658 1764 coarctata
683 1722 797 1764 inter
826 1721 938 1763 cives
966 1721 1195 1779 probitatis
1213 1722 1312 1764 vin-

88 1787 196 1840 cula,
211 1789 452 1830 restitutam
465 1789 641 1846 privatis
655 1787 858 1830 domibus
872 1788 1129 1841 castitatem,
1144 1789 1315 1830 restric-

88 1865 174 1896 tam
208 1854 354 1913 legum
391 1856 616 1898 severitate
654 1854 969 1898 adulteriorum
1008 1854 1310 1912 frequentiam.

90 1919 228 1963 Porro
252 1921 395 1963 virum
420 1922 660 1980 principem
684 1922 744 1963 sic
769 1921 945 1964 laudare
971 1921 1077 1979 quid
1092 1921 1210 1963 aliud
1229 1933 1312 1975 est,

88 1990 218 2045 quam
234 1989 416 2032 suadere
429 2005 479 2032 ea
503 1992 683 2048 propter
699 2006 795 2048 quae
812 1989 1036 2043 laudatur,
1054 1989 1313 2047 hortarique

87 2065 137 2096 ut
167 2055 278 2098 viam
309 2057 420 2115 aequi
450 2068 493 2099 et
513 2057 640 2110 boni,
673 2060 696 2099 a
726 2072 771 2099 se
797 2057 929 2099 semel
958 2056 1139 2110 initam,
1162 2067 1314 2114 pergat

86 2123 234 2180 sequi,
255 2138 398 2182 neque
420 2127 571 2183 postea
595 2125 649 2167 ab
681 2126 730 2167 ea
767 2123 970 2167 recedere
989 2122 1253 2166 meditetur?

145 2191 309 2249 Optimi
332 2192 464 2251 igitur
488 2193 590 2235 civis
615 2193 760 2235 munia
791 2192 1039 2250 adimplevit
1074 2192 1310 2246 Horatius,

85 2256 192 2300 dum
213 2274 304 2302 rem
321 2262 438 2302 extra
453 2276 580 2303 suum
596 2261 824 2304 arbitrium
839 2261 1022 2319 positam
1033 2293 1048 2315 ,
1066 2275 1313 2319 supremam
