<?xml version="1.0" encoding="UTF-8"?>
<!DOCTYPE html PUBLIC "-//W3C//DTD XHTML 1.0 Transitional//EN"
    "http://www.w3.org/TR/xhtml1/DTD/xhtml1-transitional.dtd">
<html xmlns="http://www.w3.org/1999/xhtml" xml:lang="en" lang="en">
 <head>
  <title>
</title>
<meta http-equiv="Content-Type" content="text/html;charset=utf-8" />
  <meta name='ocr-system' content='tesseract 3.04.00' />
  <meta name='ocr-capabilities' content='ocr_page ocr_carea ocr_par ocr_line ocrx_word'/>
</head>
<body>
  <div class='ocr_page' id='page_1' title='image "./quintushoratiusf01horauoft_0072.png"; bbox 0 0 1456 2508; ppageno 0'>
   <div class='ocr_carea' id='block_1_1' title="bbox 929 71 1002 96">
    <p class='ocr_par' dir='ltr' id='par_1_1' title="bbox 929 71 1002 96">
     <span class='ocr_line' id='line_1_1' title="bbox 929 71 1002 96; baseline 0 -10"><span class='ocrx_word' id='word_1_1' title='bbox 929 71 1002 96; x_wconf 49' lang='lat' dir='ltr'><strong>sv‘</strong></span> 
     </span>
    </p>
   </div>
   <div class='ocr_carea' id='block_1_2' title="bbox 116 123 1307 775">
    <p class='ocr_par' dir='ltr' id='par_1_2' title="bbox 121 123 1206 233">
     <span class='ocr_line' id='line_1_2' title="bbox 121 123 1206 171; baseline 0.006 -17"><span class='ocrx_word' id='word_1_2' title='bbox 121 127 161 154; x_wconf 73' lang='lat'><strong>35</strong></span> <span class='ocrx_word' id='word_1_3' title='bbox 503 129 542 166; x_wconf 83' lang='lat' dir='ltr'><strong>Q.</strong></span> <span class='ocrx_word' id='word_1_4' title='bbox 567 127 750 158; x_wconf 74' lang='lat' dir='ltr'><strong>noRATn</strong></span> <span class='ocrx_word' id='word_1_5' title='bbox 774 123 925 171; x_wconf 67' lang='lat' dir='ltr'>FLAGCI</span> <span class='ocrx_word' id='word_1_6' title='bbox 1174 149 1206 166; x_wconf 64' lang='grc'><strong>,,</strong></span> 
     </span>
     <span class='ocr_line' id='line_1_3' title="bbox 250 174 1196 233; baseline 0.008 -16"><span class='ocrx_word' id='word_1_7' title='bbox 250 185 470 231; x_wconf 82' lang='lat' dir='ltr'><strong>Juuctaequc</strong></span> <span class='ocrx_word' id='word_1_8' title='bbox 486 184 673 233; x_wconf 85' lang='lat' dir='ltr'>Nymphis</span> <span class='ocrx_word' id='word_1_9' title='bbox 691 184 833 221; x_wconf 79' lang='lat' dir='ltr'><strong>Gratiae</strong></span> <span class='ocrx_word' id='word_1_10' title='bbox 853 184 1028 224; x_wconf 82' lang='lat' dir='ltr'><strong>decentes</strong></span> <span class='ocrx_word' id='word_1_11' title='bbox 1045 187 1060 210; x_wconf 79' lang='lat'><em>⁶</em></span> <span class='ocrx_word' id='word_1_12' title='bbox 1191 174 1196 178; x_wconf 38' lang='lat'>⁵</span> 
     </span>
    </p>

    <p class='ocr_par' dir='ltr' id='par_1_3' title="bbox 118 241 1290 342">
     <span class='ocr_line' id='line_1_4' title="bbox 118 241 1290 296; baseline 0.008 -20"><span class='ocrx_word' id='word_1_13' title='bbox 118 241 275 277; x_wconf 82' lang='lat' dir='ltr'><strong>Alterno</strong></span> <span class='ocrx_word' id='word_1_14' title='bbox 295 250 436 277; x_wconf 83' lang='lat' dir='ltr'><strong>terram</strong></span> <span class='ocrx_word' id='word_1_15' title='bbox 454 243 630 291; x_wconf 86' lang='lat' dir='ltr'><strong>quatiunt</strong></span> <span class='ocrx_word' id='word_1_16' title='bbox 648 242 766 293; x_wconf 89' lang='lat' dir='ltr'><strong>pede,</strong></span> <span class='ocrx_word' id='word_1_17' title='bbox 787 243 877 280; x_wconf 74' lang='lat' dir='ltr'><strong>dum</strong></span> <span class='ocrx_word' id='word_1_18' title='bbox 897 257 1031 294; x_wconf 84' lang='lat' dir='ltr'><strong>graves</strong></span> <span class='ocrx_word' id='word_1_19' title='bbox 1050 245 1258 296; x_wconf 81' lang='lat' dir='ltr'><strong>Cyclopum</strong></span> <span class='ocrx_word' id='word_1_20' title='bbox 1275 255 1290 276; x_wconf 79' lang='lat'><strong>⁷</strong></span> 
     </span>
     <span class='ocr_line' id='line_1_5' title="bbox 247 301 889 342; baseline 0.005 -5"><span class='ocrx_word' id='word_1_21' title='bbox 247 301 438 338; x_wconf 84' lang='lat' dir='ltr'>Vulcanus</span> <span class='ocrx_word' id='word_1_22' title='bbox 458 301 594 338; x_wconf 85' lang='lat' dir='ltr'><strong>ardens</strong></span> <span class='ocrx_word' id='word_1_23' title='bbox 613 303 690 339; x_wconf 87' lang='lat' dir='ltr'><strong>urit</strong></span> <span class='ocrx_word' id='word_1_24' title='bbox 709 303 889 342; x_wconf 85' lang='lat' dir='ltr'><strong>officinas.</strong></span> 
     </span>
    </p>

    <p class='ocr_par' dir='ltr' id='par_1_4' title="bbox 116 354 1304 472">
     <span class='ocr_line' id='line_1_6' title="bbox 116 354 1279 416; baseline 0.007 -20"><span class='ocrx_word' id='word_1_25' title='bbox 116 354 228 398; x_wconf 74' lang='lat' dir='ltr'><strong>vNunc</strong></span> <span class='ocrx_word' id='word_1_26' title='bbox 246 360 354 397; x_wconf 89' lang='lat' dir='ltr'><strong>decet</strong></span> <span class='ocrx_word' id='word_1_27' title='bbox 373 370 438 398; x_wconf 85' lang='lat' dir='ltr'><strong>aut</strong></span> <span class='ocrx_word' id='word_1_28' title='bbox 457 361 570 398; x_wconf 84' lang='lat' dir='ltr'><strong>viridi</strong></span> <span class='ocrx_word' id='word_1_29' title='bbox 587 361 749 399; x_wconf 87' lang='lat' dir='ltr'><strong>nitidum</strong></span> <span class='ocrx_word' id='word_1_30' title='bbox 769 373 883 413; x_wconf 86' lang='lat' dir='ltr'><strong>caput</strong></span> <span class='ocrx_word' id='word_1_31' title='bbox 899 359 1119 415; x_wconf 62' lang='lat' dir='ltr'><strong>²⁵impedire</strong></span> <span class='ocrx_word' id='word_1_32' title='bbox 1137 375 1279 416; x_wconf 84' lang='lat' dir='ltr'><strong>myrto,</strong></span> 
     </span>
     <span class='ocr_line' id='line_1_7' title="bbox 249 421 1304 472; baseline 0.006 -15"><span class='ocrx_word' id='word_1_33' title='bbox 249 425 326 458; x_wconf 84' lang='lat' dir='ltr'><strong>Aut</strong></span> <span class='ocrx_word' id='word_1_34' title='bbox 346 421 440 458; x_wconf 76' lang='lat' dir='ltr'><strong>flore</strong></span> <span class='ocrx_word' id='word_1_35' title='bbox 462 429 488 467; x_wconf 80' lang='lat'><strong>9,</strong></span> <span class='ocrx_word' id='word_1_36' title='bbox 508 431 620 459; x_wconf 84' lang='lat' dir='ltr'><strong>terrae</strong></span> <span class='ocrx_word' id='word_1_37' title='bbox 639 435 751 472; x_wconf 81' lang='lat' dir='ltr'><strong>quern</strong></span> <span class='ocrx_word' id='word_1_38' title='bbox 770 423 898 461; x_wconf 87' lang='lat' dir='ltr'><strong>ferunt</strong></span> <span class='ocrx_word' id='word_1_39' title='bbox 917 423 1060 462; x_wconf 79' lang='lat' dir='ltr'><strong>solutae.</strong></span> <span class='ocrx_word' id='word_1_40' title='bbox 1275 443 1304 459; x_wconf 78' lang='grc' dir='ltr'><strong>ιο</strong></span> 
     </span>
    </p>

    <p class='ocr_par' dir='ltr' id='par_1_5' title="bbox 120 482 1214 593">
     <span class='ocr_line' id='line_1_8' title="bbox 120 482 1214 534; baseline 0.005 -16"><span class='ocrx_word' id='word_1_41' title='bbox 120 485 229 519; x_wconf 87' lang='lat' dir='ltr'><strong>Nunc</strong></span> <span class='ocrx_word' id='word_1_42' title='bbox 248 490 285 519; x_wconf 90' lang='lat' dir='ltr'><strong>et</strong></span> <span class='ocrx_word' id='word_1_43' title='bbox 304 483 343 519; x_wconf 88' lang='lat' dir='ltr'><strong>in</strong></span> <span class='ocrx_word' id='word_1_44' title='bbox 361 482 550 519; x_wconf 91' lang='lat' dir='ltr'><strong>umbrosis</strong></span> <span class='ocrx_word' id='word_1_45' title='bbox 569 486 699 520; x_wconf 87' lang='lat' dir='ltr'><strong>Fauno</strong></span> <span class='ocrx_word' id='word_1_46' title='bbox 719 484 826 522; x_wconf 90' lang='lat' dir='ltr'><strong>decet</strong></span> <span class='ocrx_word' id='word_1_47' title='bbox 843 485 1038 523; x_wconf 81' lang='lat' dir='ltr'><strong>immolare</strong></span> <span class='ocrx_word' id='word_1_48' title='bbox 1058 493 1085 509; x_wconf 84' lang='lat'><strong>¹0</strong></span> <span class='ocrx_word' id='word_1_49' title='bbox 1103 486 1214 534; x_wconf 90' lang='lat' dir='ltr'><strong>lucis,</strong></span> 
     </span>
     <span class='ocr_line' id='line_1_9' title="bbox 250 544 1004 593; baseline 0.007 -15"><span class='ocrx_word' id='word_1_50' title='bbox 250 544 326 578; x_wconf 89' lang='lat' dir='ltr'><strong>Seu</strong></span> <span class='ocrx_word' id='word_1_51' title='bbox 343 551 474 592; x_wconf 87' lang='lat' dir='ltr'><strong>poscat</strong></span> <span class='ocrx_word' id='word_1_52' title='bbox 492 545 588 593; x_wconf 60' lang='lat' dir='ltr'><strong>agnai</strong></span> <span class='ocrx_word' id='word_1_53' title='bbox 607 551 648 590; x_wconf 82' lang='lat'><strong>¹¹,</strong></span> <span class='ocrx_word' id='word_1_54' title='bbox 665 544 743 582; x_wconf 88' lang='lat' dir='ltr'><strong>sive</strong></span> <span class='ocrx_word' id='word_1_55' title='bbox 759 545 864 582; x_wconf 86' lang='lat' dir='ltr'><strong>malit</strong></span> <span class='ocrx_word' id='word_1_56' title='bbox 882 545 1004 583; x_wconf 88' lang='lat' dir='ltr'><strong>haedo.</strong></span> 
     </span>
    </p>

    <p class='ocr_par' dir='ltr' id='par_1_6' title="bbox 119 601 1254 713">
     <span class='ocr_line' id='line_1_10' title="bbox 119 601 1254 655; baseline 0.004 -18"><span class='ocrx_word' id='word_1_57' title='bbox 119 601 259 638; x_wconf 83' lang='lat' dir='ltr'>Pallida</span> <span class='ocrx_word' id='word_1_58' title='bbox 278 605 384 640; x_wconf 80' lang='lat' dir='ltr'><strong>Mors</strong></span> <span class='ocrx_word' id='word_1_59' title='bbox 402 610 430 625; x_wconf 76' lang='lat'><strong>²²</strong></span> <span class='ocrx_word' id='word_1_60' title='bbox 449 615 558 652; x_wconf 89' lang='lat' dir='ltr'><strong>aequo</strong></span> <span class='ocrx_word' id='word_1_61' title='bbox 578 603 701 653; x_wconf 81' lang='lat' dir='ltr'><strong>pulsat</strong></span> <span class='ocrx_word' id='word_1_62' title='bbox 718 604 814 655; x_wconf 83' lang='lat' dir='ltr'><strong>pede</strong></span> <span class='ocrx_word' id='word_1_63' title='bbox 831 617 1042 655; x_wconf 84' lang='lat' dir='ltr'><strong>pauperum</strong></span> <span class='ocrx_word' id='word_1_64' title='bbox 1059 604 1254 652; x_wconf 79' lang='lat' dir='ltr'><strong>tabernas,</strong></span> 
     </span>
     <span class='ocr_line' id='line_1_11' title="bbox 251 664 989 713; baseline 0.005 -15"><span class='ocrx_word' id='word_1_65' title='bbox 251 664 472 713; x_wconf 81' lang='lat' dir='ltr'><strong>Regumque</strong></span> <span class='ocrx_word' id='word_1_66' title='bbox 490 673 623 701; x_wconf 82' lang='lat' dir='ltr'><strong>turres.</strong></span> <span class='ocrx_word' id='word_1_67' title='bbox 644 667 678 702; x_wconf 95' lang='grc' dir='ltr'><strong>Ο</strong></span> <span class='ocrx_word' id='word_1_68' title='bbox 699 664 810 702; x_wconf 84' lang='lat' dir='ltr'><strong>beate</strong></span> <span class='ocrx_word' id='word_1_69' title='bbox 831 665 928 702; x_wconf 89' lang='lat' dir='ltr'><strong>Sesti</strong></span> <span class='ocrx_word' id='word_1_70' title='bbox 950 665 989 712; x_wconf 69' lang='lat'><strong>²3,</strong></span> 
     </span>
    </p>

    <p class='ocr_par' dir='ltr' id='par_1_7' title="bbox 118 722 1307 775">
     <span class='ocr_line' id='line_1_12' title="bbox 118 722 1307 775; baseline 0.002 -17"><span class='ocrx_word' id='word_1_71' title='bbox 118 722 215 759; x_wconf 68' lang='lat' dir='ltr'><strong>Vitae</strong></span> <span class='ocrx_word' id='word_1_72' title='bbox 234 734 380 759; x_wconf 86' lang='lat' dir='ltr'><strong>summa</strong></span> <span class='ocrx_word' id='word_1_73' title='bbox 398 722 525 760; x_wconf 84' lang='lat' dir='ltr'><strong>brevis</strong></span> <span class='ocrx_word' id='word_1_74' title='bbox 549 736 653 774; x_wconf 88' lang='lat' dir='ltr'><strong>spem</strong></span> <span class='ocrx_word' id='word_1_75' title='bbox 673 737 741 761; x_wconf 86' lang='lat' dir='ltr'><strong>nos</strong></span> <span class='ocrx_word' id='word_1_76' title='bbox 762 732 863 762; x_wconf 86' lang='lat' dir='ltr'><strong>vetat</strong></span> <span class='ocrx_word' id='word_1_77' title='bbox 882 723 1062 762; x_wconf 82' lang='lat' dir='ltr'><strong>inchoare</strong></span> <span class='ocrx_word' id='word_1_78' title='bbox 1079 724 1238 775; x_wconf 81' lang='lat' dir='ltr'><strong>longam.</strong></span> <span class='ocrx_word' id='word_1_79' title='bbox 1277 734 1307 760; x_wconf 74' lang='grc' dir='ltr'><strong>ις</strong></span> 
     </span>
    </p>
   </div>
   <div class='ocr_carea' id='block_1_3' title="bbox 118 840 694 2270">
    <p class='ocr_par' dir='ltr' id='par_1_8' title="bbox 118 840 688 919">
     <span class='ocr_line' id='line_1_13' title="bbox 119 840 688 872; baseline 0.005 -3"><span class='ocrx_word' id='word_1_80' title='bbox 119 840 219 869; x_wconf 85' lang='lat' dir='ltr'><strong>menti</strong></span> <span class='ocrx_word' id='word_1_81' title='bbox 243 847 274 870; x_wconf 85' lang='lat' dir='ltr'><strong>et</strong></span> <span class='ocrx_word' id='word_1_82' title='bbox 296 841 430 871; x_wconf 75' lang='lat' dir='ltr'><strong>lasciviae</strong></span> <span class='ocrx_word' id='word_1_83' title='bbox 447 851 514 871; x_wconf 87' lang='lat' dir='ltr'><strong>nox</strong></span> <span class='ocrx_word' id='word_1_84' title='bbox 533 841 638 872; x_wconf 78' lang='lat' dir='ltr'><strong>choris</strong></span> <span class='ocrx_word' id='word_1_85' title='bbox 657 849 688 872; x_wconf 81' lang='lat' dir='ltr'><strong>et</strong></span> 
     </span>
     <span class='ocr_line' id='line_1_14' title="bbox 118 886 592 919; baseline 0.011 -5"><span class='ocrx_word' id='word_1_86' title='bbox 118 886 340 916; x_wconf 71' lang='lat' dir='ltr'>saltationibus</span> <span class='ocrx_word' id='word_1_87' title='bbox 353 886 468 917; x_wconf 82' lang='lat' dir='ltr'><strong>addere</strong></span> <span class='ocrx_word' id='word_1_88' title='bbox 483 887 592 919; x_wconf 84' lang='lat' dir='ltr'><strong>soleat.</strong></span> 
     </span>
    </p>

    <p class='ocr_par' dir='ltr' id='par_1_9' title="bbox 120 932 687 1056">
     <span class='ocr_line' id='line_1_15' title="bbox 167 932 687 974; baseline 0.004 -12"><span class='ocrx_word' id='word_1_89' title='bbox 167 933 199 962; x_wconf 78' lang='lat'><strong>6.</strong></span> <span class='ocrx_word' id='word_1_90' title='bbox 238 932 360 962; x_wconf 77' lang='lat' dir='ltr'><strong>Graeiae</strong></span> <span class='ocrx_word' id='word_1_91' title='bbox 393 933 540 964; x_wconf 81' lang='lat' dir='ltr'><strong>decentes</strong></span> <span class='ocrx_word' id='word_1_92' title='bbox 569 945 580 963; x_wconf 90' lang='lat'><em>:</em></span> <span class='ocrx_word' id='word_1_93' title='bbox 610 944 687 974; x_wconf 81' lang='lat' dir='ltr'><strong>quas</strong></span> 
     </span>
     <span class='ocr_line' id='line_1_16' title="bbox 120 977 687 1021; baseline 0.005 -14"><span class='ocrx_word' id='word_1_94' title='bbox 120 978 282 1018; x_wconf 72' lang='lat' dir='ltr'><strong>componit</strong></span> <span class='ocrx_word' id='word_1_95' title='bbox 294 977 413 1020; x_wconf 73' lang='lat' dir='ltr'><strong>fiaertim</strong></span> <span class='ocrx_word' id='word_1_96' title='bbox 432 979 687 1021; x_wconf 76' lang='lat' dir='ltr'><strong>subsequiturque</strong></span> 
     </span>
     <span class='ocr_line' id='line_1_17' title="bbox 120 1025 362 1056; baseline 0.008 -2"><span class='ocrx_word' id='word_1_97' title='bbox 120 1025 225 1055; x_wconf 78' lang='lat' dir='ltr'><strong>decor.</strong></span> <span class='ocrx_word' id='word_1_98' title='bbox 243 1028 269 1056; x_wconf 86' lang='grc' dir='ltr'><strong>Τ</strong></span> <span class='ocrx_word' id='word_1_99' title='bbox 271 1025 362 1056; x_wconf 87' lang='lat' dir='ltr'><strong>ibull.</strong></span> 
     </span>
    </p>

    <p class='ocr_par' dir='ltr' id='par_1_10' title="bbox 120 1072 692 1625">
     <span class='ocr_line' id='line_1_18' title="bbox 170 1072 690 1114; baseline 0 -12"><span class='ocrx_word' id='word_1_100' title='bbox 170 1083 200 1110; x_wconf 90' lang='lat'><strong>7.</strong></span> <span class='ocrx_word' id='word_1_101' title='bbox 232 1072 318 1101; x_wconf 75' lang='lat' dir='ltr'><strong>Dum</strong></span> <span class='ocrx_word' id='word_1_102' title='bbox 342 1082 456 1113; x_wconf 77' lang='lat' dir='ltr'><strong>graves</strong></span> <span class='ocrx_word' id='word_1_103' title='bbox 483 1072 655 1114; x_wconf 80' lang='lat' dir='ltr'><strong>Cyclopum</strong></span> <span class='ocrx_word' id='word_1_104' title='bbox 679 1083 690 1102; x_wconf 97' lang='lat'><em>:</em></span> 
     </span>
     <span class='ocr_line' id='line_1_19' title="bbox 123 1119 692 1159; baseline 0.005 -12"><span class='ocrx_word' id='word_1_105' title='bbox 123 1119 202 1147; x_wconf 84' lang='lat' dir='ltr'><strong>mira</strong></span> <span class='ocrx_word' id='word_1_106' title='bbox 225 1119 403 1159; x_wconf 86' lang='lat' dir='ltr'><strong>oppositio,</strong></span> <span class='ocrx_word' id='word_1_107' title='bbox 429 1125 460 1148; x_wconf 88' lang='lat' dir='ltr'><strong>et</strong></span> <span class='ocrx_word' id='word_1_108' title='bbox 479 1120 595 1149; x_wconf 84' lang='lat' dir='ltr'><strong>rationi</strong></span> <span class='ocrx_word' id='word_1_109' title='bbox 616 1130 692 1150; x_wconf 89' lang='lat' dir='ltr'><strong>con-</strong></span> 
     </span>
     <span class='ocr_line' id='line_1_20' title="bbox 122 1163 691 1205; baseline 0.004 -11"><span class='ocrx_word' id='word_1_110' title='bbox 122 1171 286 1202; x_wconf 85' lang='lat' dir='ltr'><strong>sentanea,</strong></span> <span class='ocrx_word' id='word_1_111' title='bbox 304 1163 379 1205; x_wconf 68' lang='lat' dir='ltr'><strong>quia</strong></span> <span class='ocrx_word' id='word_1_112' title='bbox 399 1165 520 1194; x_wconf 86' lang='lat' dir='ltr'><strong>seilicet</strong></span> <span class='ocrx_word' id='word_1_113' title='bbox 534 1164 622 1203; x_wconf 72' lang='lat' dir='ltr'><strong>cum,</strong></span> <span class='ocrx_word' id='word_1_114' title='bbox 640 1177 691 1196; x_wconf 82' lang='lat' dir='ltr'><strong>ve·</strong></span> 
     </span>
     <span class='ocr_line' id='line_1_21' title="bbox 120 1211 686 1251; baseline 0.004 -11"><span class='ocrx_word' id='word_1_115' title='bbox 120 1212 164 1240; x_wconf 90' lang='lat' dir='ltr'><strong>ris</strong></span> <span class='ocrx_word' id='word_1_116' title='bbox 185 1218 345 1251; x_wconf 78' lang='lat' dir='ltr'><strong>tempore,</strong></span> <span class='ocrx_word' id='word_1_117' title='bbox 370 1211 530 1241; x_wconf 85' lang='lat' dir='ltr'><strong>crebriora</strong></span> <span class='ocrx_word' id='word_1_118' title='bbox 551 1213 686 1242; x_wconf 83' lang='lat' dir='ltr'><strong>existant</strong></span> 
     </span>
     <span class='ocr_line' id='line_1_22' title="bbox 121 1255 687 1298; baseline 0.004 -12"><span class='ocrx_word' id='word_1_119' title='bbox 121 1257 270 1294; x_wconf 85' lang='lat' dir='ltr'><strong>fulmina,</strong></span> <span class='ocrx_word' id='word_1_120' title='bbox 291 1255 474 1298; x_wconf 74' lang='lat' dir='ltr'><strong>diligentins</strong></span> <span class='ocrx_word' id='word_1_121' title='bbox 494 1269 531 1288; x_wconf 85' lang='lat' dir='ltr'><strong>ea</strong></span> <span class='ocrx_word' id='word_1_122' title='bbox 552 1257 621 1288; x_wconf 73' lang='lat' dir='ltr'><strong>tum</strong></span> <span class='ocrx_word' id='word_1_123' title='bbox 644 1258 687 1288; x_wconf 82' lang='lat' dir='ltr'><strong>fa-</strong></span> 
     </span>
     <span class='ocr_line' id='line_1_23' title="bbox 122 1303 688 1343; baseline 0.004 -10"><span class='ocrx_word' id='word_1_124' title='bbox 122 1303 238 1334; x_wconf 81' lang='lat' dir='ltr'><strong>bricari</strong></span> <span class='ocrx_word' id='word_1_125' title='bbox 260 1304 444 1334; x_wconf 86' lang='lat' dir='ltr'><strong>Vulcanum</strong></span> <span class='ocrx_word' id='word_1_126' title='bbox 464 1306 631 1343; x_wconf 87' lang='lat' dir='ltr'><strong>convenit,</strong></span> <span class='ocrx_word' id='word_1_127' title='bbox 648 1315 688 1335; x_wconf 88' lang='lat' dir='ltr'><strong>ne</strong></span> 
     </span>
     <span class='ocr_line' id='line_1_24' title="bbox 121 1350 688 1394; baseline 0 -13"><span class='ocrx_word' id='word_1_128' title='bbox 121 1351 142 1381; x_wconf 82' lang='lat' dir='ltr'><strong>J</strong></span> <span class='ocrx_word' id='word_1_129' title='bbox 144 1352 198 1380; x_wconf 83' lang='lat' dir='ltr'><strong>ovi</strong></span> <span class='ocrx_word' id='word_1_130' title='bbox 211 1351 271 1380; x_wconf 82' lang='lat' dir='ltr'><strong>tela</strong></span> <span class='ocrx_word' id='word_1_131' title='bbox 280 1350 440 1381; x_wconf 82' lang='lat' dir='ltr'><strong>desint.—-</strong></span> <span class='ocrx_word' id='word_1_132' title='bbox 446 1350 516 1381; x_wconf 83' lang='lat' dir='ltr'><strong>Un&#39;t</strong></span> <span class='ocrx_word' id='word_1_133' title='bbox 523 1350 667 1394; x_wconf 80' lang='lat' dir='ltr'><strong>officinas</strong></span> <span class='ocrx_word' id='word_1_134' title='bbox 677 1362 688 1382; x_wconf 82' lang='grc'><strong>.·</strong></span> 
     </span>
     <span class='ocr_line' id='line_1_25' title="bbox 121 1396 689 1439; baseline 0.004 -13"><span class='ocrx_word' id='word_1_135' title='bbox 121 1396 313 1435; x_wconf 78' lang='lat' dir='ltr'><strong>inflammat;</strong></span> <span class='ocrx_word' id='word_1_136' title='bbox 336 1398 418 1439; x_wconf 84' lang='lat' dir='ltr'><strong>ignis</strong></span> <span class='ocrx_word' id='word_1_137' title='bbox 440 1397 585 1428; x_wconf 86' lang='lat' dir='ltr'><strong>ardorem</strong></span> <span class='ocrx_word' id='word_1_138' title='bbox 595 1405 689 1439; x_wconf 87' lang='lat' dir='ltr'><strong>poeta</strong></span> 
     </span>
     <span class='ocr_line' id='line_1_26' title="bbox 122 1443 690 1485; baseline 0.002 -12"><span class='ocrx_word' id='word_1_139' title='bbox 122 1443 325 1474; x_wconf 83' lang='lat' dir='ltr'><strong>vehementer</strong></span> <span class='ocrx_word' id='word_1_140' title='bbox 337 1444 499 1485; x_wconf 79' lang='lat' dir='ltr'><strong>exprimit,</strong></span> <span class='ocrx_word' id='word_1_141' title='bbox 506 1455 572 1485; x_wconf 87' lang='lat' dir='ltr'><strong>qno</strong></span> <span class='ocrx_word' id='word_1_142' title='bbox 581 1444 690 1475; x_wconf 87' lang='lat' dir='ltr'><strong>metal-</strong></span> 
     </span>
     <span class='ocr_line' id='line_1_27' title="bbox 121 1490 692 1532; baseline 0.004 -13"><span class='ocrx_word' id='word_1_143' title='bbox 121 1490 151 1520; x_wconf 84' lang='lat' dir='ltr'><strong>la</strong></span> <span class='ocrx_word' id='word_1_144' title='bbox 166 1490 358 1530; x_wconf 84' lang='lat' dir='ltr'><strong>liquescunt.</strong></span> <span class='ocrx_word' id='word_1_145' title='bbox 369 1491 556 1526; x_wconf 75' lang='lat' dir='ltr'><strong>-Graves,</strong></span> <span class='ocrx_word' id='word_1_146' title='bbox 574 1490 692 1532; x_wconf 83' lang='lat' dir='ltr'><strong>epithe-</strong></span> 
     </span>
     <span class='ocr_line' id='line_1_28' title="bbox 120 1535 690 1579; baseline 0.002 -13"><span class='ocrx_word' id='word_1_147' title='bbox 120 1544 156 1567; x_wconf 87' lang='lat' dir='ltr'><strong>to</strong></span> <span class='ocrx_word' id='word_1_148' title='bbox 169 1536 186 1566; x_wconf 66' lang='grc' dir='ltr'><strong>ἐι</strong></span> <span class='ocrx_word' id='word_1_149' title='bbox 202 1535 291 1567; x_wconf 85' lang='lat' dir='ltr'><strong>duris</strong></span> <span class='ocrx_word' id='word_1_150' title='bbox 304 1537 379 1567; x_wconf 79' lang='lat' dir='ltr'><strong>ferri</strong></span> <span class='ocrx_word' id='word_1_151' title='bbox 390 1537 560 1579; x_wconf 84' lang='lat' dir='ltr'><strong>subigendi</strong></span> <span class='ocrx_word' id='word_1_152' title='bbox 573 1537 690 1568; x_wconf 84' lang='lat' dir='ltr'><strong>lahori-</strong></span> 
     </span>
     <span class='ocr_line' id='line_1_29' title="bbox 123 1582 690 1625; baseline 0.004 -13"><span class='ocrx_word' id='word_1_153' title='bbox 123 1583 194 1619; x_wconf 86' lang='lat' dir='ltr'><strong>hus,</strong></span> <span class='ocrx_word' id='word_1_154' title='bbox 203 1582 241 1613; x_wconf 87' lang='lat' dir='ltr'><strong>ad</strong></span> <span class='ocrx_word' id='word_1_155' title='bbox 251 1582 412 1614; x_wconf 84' lang='lat' dir='ltr'><strong>officinam</strong></span> <span class='ocrx_word' id='word_1_156' title='bbox 420 1585 519 1625; x_wconf 83' lang='lat' dir='ltr'><strong>ipsam</strong></span> <span class='ocrx_word' id='word_1_157' title='bbox 530 1584 690 1614; x_wconf 78' lang='lat' dir='ltr'><strong>translato.</strong></span> 
     </span>
    </p>

    <p class='ocr_par' dir='ltr' id='par_1_11' title="bbox 124 1628 691 1717">
     <span class='ocr_line' id='line_1_30' title="bbox 172 1628 691 1671; baseline 0.002 -12"><span class='ocrx_word' id='word_1_158' title='bbox 172 1630 203 1660; x_wconf 90' lang='lat'><strong>8.</strong></span> <span class='ocrx_word' id='word_1_159' title='bbox 227 1628 373 1660; x_wconf 80' lang='lat' dir='ltr'><strong>Nitidum</strong></span> <span class='ocrx_word' id='word_1_160' title='bbox 389 1638 501 1670; x_wconf 82' lang='lat' dir='ltr'><strong>caput,</strong></span> <span class='ocrx_word' id='word_1_161' title='bbox 527 1637 691 1671; x_wconf 81' lang='lat' dir='ltr'><strong>unguento</strong></span> 
     </span>
     <span class='ocr_line' id='line_1_31' title="bbox 124 1676 599 1717; baseline 0 -11"><span class='ocrx_word' id='word_1_162' title='bbox 124 1676 304 1706; x_wconf 77' lang='lat' dir='ltr'><strong>delibutum</strong></span> <span class='ocrx_word' id='word_1_163' title='bbox 323 1683 354 1706; x_wconf 88' lang='lat' dir='ltr'><strong>et</strong></span> <span class='ocrx_word' id='word_1_164' title='bbox 369 1676 599 1717; x_wconf 83' lang='lat' dir='ltr'><strong>splendescens.</strong></span> 
     </span>
    </p>

    <p class='ocr_par' dir='ltr' id='par_1_12' title="bbox 124 1722 694 1893">
     <span class='ocr_line' id='line_1_32' title="bbox 170 1722 690 1765; baseline 0 -13"><span class='ocrx_word' id='word_1_165' title='bbox 170 1733 203 1763; x_wconf 86' lang='lat'><strong>9.</strong></span> <span class='ocrx_word' id='word_1_166' title='bbox 230 1722 323 1753; x_wconf 82' lang='lat' dir='ltr'><strong>Flore</strong></span> <span class='ocrx_word' id='word_1_167' title='bbox 347 1734 358 1753; x_wconf 88' lang='lat'><em>:</em></span> <span class='ocrx_word' id='word_1_168' title='bbox 381 1723 496 1765; x_wconf 84' lang='lat' dir='ltr'><strong>singul.</strong></span> <span class='ocrx_word' id='word_1_169' title='bbox 524 1734 583 1763; x_wconf 90' lang='lat' dir='ltr'><strong>pro</strong></span> <span class='ocrx_word' id='word_1_170' title='bbox 606 1723 690 1764; x_wconf 83' lang='lat' dir='ltr'><strong>plur.</strong></span> 
     </span>
     <span class='ocr_line' id='line_1_33' title="bbox 124 1769 690 1810; baseline 0 -10"><span class='ocrx_word' id='word_1_171' title='bbox 124 1769 259 1810; x_wconf 73' lang='lat' dir='ltr'><strong>poetice.</strong></span> <span class='ocrx_word' id='word_1_172' title='bbox 281 1787 327 1792; x_wconf 83' lang='lat'>—</span> <span class='ocrx_word' id='word_1_173' title='bbox 353 1771 459 1800; x_wconf 80' lang='lat' dir='ltr'><strong>Terrae</strong></span> <span class='ocrx_word' id='word_1_174' title='bbox 479 1770 610 1805; x_wconf 54' lang='lat' dir='ltr'><strong>salutm</strong></span> <span class='ocrx_word' id='word_1_175' title='bbox 638 1779 690 1800; x_wconf 88' lang='lat' dir='ltr'><strong>eo-</strong></span> 
     </span>
     <span class='ocr_line' id='line_1_34' title="bbox 125 1814 694 1857; baseline 0 -12"><span class='ocrx_word' id='word_1_176' title='bbox 125 1815 196 1846; x_wconf 89' lang='lat' dir='ltr'><strong>dem</strong></span> <span class='ocrx_word' id='word_1_177' title='bbox 220 1826 315 1846; x_wconf 86' lang='lat' dir='ltr'><strong>sensu</strong></span> <span class='ocrx_word' id='word_1_178' title='bbox 338 1826 402 1856; x_wconf 90' lang='lat' dir='ltr'><strong>quo</strong></span> <span class='ocrx_word' id='word_1_179' title='bbox 421 1814 514 1857; x_wconf 72' lang='lat' dir='ltr'><strong>supra</strong></span> <span class='ocrx_word' id='word_1_180' title='bbox 531 1825 539 1847; x_wconf 84' lang='lat'><strong>:</strong></span> <span class='ocrx_word' id='word_1_181' title='bbox 559 1814 694 1846; x_wconf 72' lang='lat' dir='ltr'><strong>Solvitur</strong></span> 
     </span>
     <span class='ocr_line' id='line_1_35' title="bbox 126 1861 333 1893; baseline 0 -1"><span class='ocrx_word' id='word_1_182' title='bbox 126 1862 207 1892; x_wconf 83' lang='lat' dir='ltr'><strong>acris</strong></span> <span class='ocrx_word' id='word_1_183' title='bbox 223 1861 333 1893; x_wconf 80' lang='lat' dir='ltr'><strong>hiems.</strong></span> 
     </span>
    </p>

    <p class='ocr_par' dir='ltr' id='par_1_13' title="bbox 125 1907 694 2270">
     <span class='ocr_line' id='line_1_36' title="bbox 178 1907 688 1944; baseline -0.002 -5"><span class='ocrx_word' id='word_1_184' title='bbox 178 1919 228 1939; x_wconf 82' lang='grc' dir='ltr'><strong>ιο.</strong></span> <span class='ocrx_word' id='word_1_185' title='bbox 254 1910 364 1938; x_wconf 79' lang='lat' dir='ltr'><strong>Fauno</strong></span> <span class='ocrx_word' id='word_1_186' title='bbox 391 1907 483 1938; x_wconf 75' lang='lat' dir='ltr'><strong>decet</strong></span> <span class='ocrx_word' id='word_1_187' title='bbox 505 1908 688 1944; x_wconf 83' lang='lat' dir='ltr'><strong>immolare,</strong></span> 
     </span>
     <span class='ocr_line' id='line_1_37' title="bbox 125 1954 694 1997; baseline -0.002 -12"><span class='ocrx_word' id='word_1_188' title='bbox 125 1954 276 1996; x_wconf 72' lang='lat' dir='ltr'><strong>tauquam</strong></span> <span class='ocrx_word' id='word_1_189' title='bbox 286 1965 434 1996; x_wconf 85' lang='lat' dir='ltr'><strong>agrorum</strong></span> <span class='ocrx_word' id='word_1_190' title='bbox 444 1962 474 1985; x_wconf 89' lang='lat' dir='ltr'><strong>et</strong></span> <span class='ocrx_word' id='word_1_191' title='bbox 483 1965 613 1997; x_wconf 84' lang='lat' dir='ltr'><strong>gregum</strong></span> <span class='ocrx_word' id='word_1_192' title='bbox 627 1965 694 1985; x_wconf 87' lang='lat' dir='ltr'><strong>cus-</strong></span> 
     </span>
     <span class='ocr_line' id='line_1_38' title="bbox 126 2001 692 2042; baseline -0.002 -10"><span class='ocrx_word' id='word_1_193' title='bbox 126 2002 208 2040; x_wconf 86' lang='lat' dir='ltr'><strong>todi;</strong></span> <span class='ocrx_word' id='word_1_194' title='bbox 242 2002 341 2042; x_wconf 70' lang='lat' dir='ltr'><strong>porro</strong></span> <span class='ocrx_word' id='word_1_195' title='bbox 366 2001 552 2032; x_wconf 79' lang='lat' dir='ltr'><strong>incidebant</strong></span> <span class='ocrx_word' id='word_1_196' title='bbox 575 2004 692 2032; x_wconf 62' lang='lat' dir='ltr'><strong>Roma&lt;</strong></span> 
     </span>
     <span class='ocr_line' id='line_1_39' title="bbox 126 2048 692 2080; baseline -0.002 -2"><span class='ocrx_word' id='word_1_197' title='bbox 126 2059 243 2079; x_wconf 84' lang='lat' dir='ltr'><strong>norum</strong></span> <span class='ocrx_word' id='word_1_198' title='bbox 275 2048 425 2078; x_wconf 83' lang='lat' dir='ltr'><strong>Faunalia</strong></span> <span class='ocrx_word' id='word_1_199' title='bbox 455 2049 491 2078; x_wconf 87' lang='lat' dir='ltr'><strong>in</strong></span> <span class='ocrx_word' id='word_1_200' title='bbox 518 2048 566 2080; x_wconf 83' lang='lat' dir='ltr'><strong>Id.</strong></span> <span class='ocrx_word' id='word_1_201' title='bbox 599 2048 692 2078; x_wconf 88' lang='lat' dir='ltr'><strong>Febr.</strong></span> 
     </span>
     <span class='ocr_line' id='line_1_40' title="bbox 127 2094 693 2137; baseline -0.004 -11"><span class='ocrx_word' id='word_1_202' title='bbox 127 2095 244 2136; x_wconf 79' lang='lat' dir='ltr'><strong>(Ovid.</strong></span> <span class='ocrx_word' id='word_1_203' title='bbox 276 2096 358 2125; x_wconf 85' lang='lat' dir='ltr'><strong>Fast.</strong></span> <span class='ocrx_word' id='word_1_204' title='bbox 385 2096 434 2132; x_wconf 87' lang='grc' dir='ltr'><strong>ΙΙ,</strong></span> <span class='ocrx_word' id='word_1_205' title='bbox 465 2094 565 2137; x_wconf 78' lang='lat'><strong>193);</strong></span> <span class='ocrx_word' id='word_1_206' title='bbox 596 2105 693 2136; x_wconf 85' lang='lat' dir='ltr'><strong>eaque</strong></span> 
     </span>
     <span class='ocr_line' id='line_1_41' title="bbox 126 2141 693 2182; baseline -0.004 -10"><span class='ocrx_word' id='word_1_207' title='bbox 126 2141 315 2182; x_wconf 80' lang='lat' dir='ltr'><strong>profusiori,</strong></span> <span class='ocrx_word' id='word_1_208' title='bbox 334 2142 381 2172; x_wconf 83' lang='lat' dir='ltr'><strong>uti</strong></span> <span class='ocrx_word' id='word_1_209' title='bbox 398 2143 542 2172; x_wconf 89' lang='lat' dir='ltr'><strong>omnium</strong></span> <span class='ocrx_word' id='word_1_210' title='bbox 559 2141 693 2171; x_wconf 86' lang='lat' dir='ltr'><strong>deorum</strong></span> 
     </span>
     <span class='ocr_line' id='line_1_42' title="bbox 127 2187 693 2232; baseline 0 -15"><span class='ocrx_word' id='word_1_211' title='bbox 127 2190 295 2232; x_wconf 79' lang='lat' dir='ltr'><strong>agrestium</strong></span> <span class='ocrx_word' id='word_1_212' title='bbox 311 2199 397 2220; x_wconf 82' lang='lat' dir='ltr'><strong>sacra</strong></span> <span class='ocrx_word' id='word_1_213' title='bbox 407 2211 415 2226; x_wconf 83' lang='lat'>‚</span> <span class='ocrx_word' id='word_1_214' title='bbox 431 2187 538 2220; x_wconf 61' lang='lat' dir='ltr'><strong>laetitia</strong></span> <span class='ocrx_word' id='word_1_215' title='bbox 555 2187 693 2219; x_wconf 82' lang='lat' dir='ltr'><strong>celebra-</strong></span> 
     </span>
     <span class='ocr_line' id='line_1_43' title="bbox 125 2234 250 2270; baseline 0.032 -6"><span class='ocrx_word' id='word_1_216' title='bbox 125 2234 250 2270; x_wconf 65' lang='lat' dir='ltr'><strong>bantur.</strong></span> 
     </span>
    </p>
   </div>
   <div class='ocr_carea' id='block_1_4' title="bbox 739 840 1307 1059">
    <p class='ocr_par' dir='ltr' id='par_1_14' title="bbox 740 840 1305 975">
     <span class='ocr_line' id='line_1_44' title="bbox 791 840 1303 884; baseline 0.006 -13"><span class='ocrx_word' id='word_1_217' title='bbox 791 852 804 871; x_wconf 83' lang='lat'>1</span> <span class='ocrx_word' id='word_1_218' title='bbox 815 852 842 872; x_wconf 93' lang='lat'><strong>1.</strong></span> <span class='ocrx_word' id='word_1_219' title='bbox 861 843 921 872; x_wconf 85' lang='lat' dir='ltr'><strong>Seu</strong></span> <span class='ocrx_word' id='word_1_220' title='bbox 936 849 1052 881; x_wconf 82' lang='lat' dir='ltr'><strong>poscat</strong></span> <span class='ocrx_word' id='word_1_221' title='bbox 1066 840 1154 884; x_wconf 69' lang='lat' dir='ltr'><strong>agad</strong></span> <span class='ocrx_word' id='word_1_222' title='bbox 1170 854 1180 872; x_wconf 93' lang='lat'><strong>.·</strong></span> <span class='ocrx_word' id='word_1_223' title='bbox 1197 843 1303 881; x_wconf 84' lang='lat' dir='ltr'><strong>aliter,</strong></span> 
     </span>
     <span class='ocr_line' id='line_1_45' title="bbox 741 887 1305 930; baseline 0.005 -12"><span class='ocrx_word' id='word_1_224' title='bbox 741 898 876 930; x_wconf 79' lang='lat' dir='ltr'><strong>aguam,</strong></span> <span class='ocrx_word' id='word_1_225' title='bbox 903 887 1048 925; x_wconf 80' lang='lat' dir='ltr'><strong>lzoedum;</strong></span> <span class='ocrx_word' id='word_1_226' title='bbox 1076 898 1170 929; x_wconf 82' lang='lat' dir='ltr'><strong>quam</strong></span> <span class='ocrx_word' id='word_1_227' title='bbox 1196 890 1305 921; x_wconf 88' lang='lat' dir='ltr'><strong>lectio-</strong></span> 
     </span>
     <span class='ocr_line' id='line_1_46' title="bbox 740 934 1142 975; baseline 0.005 -11"><span class='ocrx_word' id='word_1_228' title='bbox 740 945 812 965; x_wconf 90' lang='lat' dir='ltr'><strong>nem</strong></span> <span class='ocrx_word' id='word_1_229' title='bbox 827 934 915 975; x_wconf 76' lang='lat' dir='ltr'><strong>aeque</strong></span> <span class='ocrx_word' id='word_1_230' title='bbox 930 934 1142 974; x_wconf 76' lang='lat' dir='ltr'><strong>probaverim.</strong></span> 
     </span>
    </p>

    <p class='ocr_par' dir='ltr' id='par_1_15' title="bbox 739 979 1307 1059">
     <span class='ocr_line' id='line_1_47' title="bbox 791 979 1307 1024; baseline 0.004 -14"><span class='ocrx_word' id='word_1_231' title='bbox 791 991 803 1010; x_wconf 91' lang='lat'>1</span> <span class='ocrx_word' id='word_1_232' title='bbox 812 991 842 1011; x_wconf 80' lang='lat'><strong>2.</strong></span> <span class='ocrx_word' id='word_1_233' title='bbox 859 979 991 1011; x_wconf 81' lang='lat' dir='ltr'><strong>Pallida</strong></span> <span class='ocrx_word' id='word_1_234' title='bbox 1003 981 1090 1010; x_wconf 77' lang='lat' dir='ltr'><strong>Mors</strong></span> <span class='ocrx_word' id='word_1_235' title='bbox 1099 992 1110 1011; x_wconf 91' lang='grc'><strong>.·</strong></span> <span class='ocrx_word' id='word_1_236' title='bbox 1125 991 1226 1012; x_wconf 86' lang='lat' dir='ltr'><strong>nexus</strong></span> <span class='ocrx_word' id='word_1_237' title='bbox 1238 993 1307 1024; x_wconf 78' lang='lat' dir='ltr'><strong>gra-</strong></span> 
     </span>
     <span class='ocr_line' id='line_1_48' title="bbox 739 1025 1305 1059; baseline 0.005 -3"><span class='ocrx_word' id='word_1_238' title='bbox 739 1027 874 1057; x_wconf 85' lang='lat' dir='ltr'><strong>vissimae</strong></span> <span class='ocrx_word' id='word_1_239' title='bbox 898 1033 930 1056; x_wconf 88' lang='lat' dir='ltr'><strong>et</strong></span> <span class='ocrx_word' id='word_1_240' title='bbox 956 1025 1207 1058; x_wconf 73' lang='lat' dir='ltr'><strong>celebratissimae</strong></span> <span class='ocrx_word' id='word_1_241' title='bbox 1234 1038 1305 1059; x_wconf 87' lang='lat' dir='ltr'><strong>sen-</strong></span> 
     </span>
    </p>
   </div>
   <div class='ocr_carea' id='block_1_5' title="bbox 738 1072 1335 1114">
    <p class='ocr_par' dir='ltr' id='par_1_16' title="bbox 738 1072 1335 1114">
     <span class='ocr_line' id='line_1_49' title="bbox 738 1072 1335 1114; baseline 0.003 -11"><span class='ocrx_word' id='word_1_242' title='bbox 738 1074 844 1104; x_wconf 82' lang='lat' dir='ltr'><strong>tentiae</strong></span> <span class='ocrx_word' id='word_1_243' title='bbox 862 1083 935 1103; x_wconf 90' lang='lat' dir='ltr'><strong>cum</strong></span> <span class='ocrx_word' id='word_1_244' title='bbox 958 1072 1227 1114; x_wconf 82' lang='lat' dir='ltr'><strong>praecedentibus,</strong></span> <span class='ocrx_word' id='word_1_245' title='bbox 1253 1074 1306 1105; x_wconf 88' lang='lat' dir='ltr'><strong>hic</strong></span> <span class='ocrx_word' id='word_1_246' title='bbox 1327 1111 1335 1114; x_wconf 45' lang='grc'><strong>-</strong></span> 
     </span>
    </p>
   </div>
   <div class='ocr_carea' id='block_1_6' title="bbox 737 1118 1311 1892">
    <p class='ocr_par' dir='ltr' id='par_1_17' title="bbox 737 1118 1311 1892">
     <span class='ocr_line' id='line_1_50' title="bbox 737 1118 1303 1158; baseline 0.004 -8"><span class='ocrx_word' id='word_1_247' title='bbox 737 1127 783 1150; x_wconf 87' lang='lat' dir='ltr'><strong>est</strong></span> <span class='ocrx_word' id='word_1_248' title='bbox 798 1130 805 1151; x_wconf 88' lang='lat'>:</span> <span class='ocrx_word' id='word_1_249' title='bbox 822 1118 924 1157; x_wconf 73' lang='lat' dir='ltr'><strong>Num,</strong></span> <span class='ocrx_word' id='word_1_250' title='bbox 944 1130 1050 1158; x_wconf 85' lang='lat' dir='ltr'><strong>nunc,</strong></span> <span class='ocrx_word' id='word_1_251' title='bbox 1065 1120 1085 1149; x_wconf 83' lang='grc' dir='ltr'><strong>ὁ</strong></span> <span class='ocrx_word' id='word_1_252' title='bbox 1107 1121 1202 1158; x_wconf 84' lang='lat' dir='ltr'><strong>Sesti,</strong></span> <span class='ocrx_word' id='word_1_253' title='bbox 1227 1119 1303 1152; x_wconf 75' lang='lat' dir='ltr'><strong>dum</strong></span> 
     </span>
     <span class='ocr_line' id='line_1_51' title="bbox 737 1165 1304 1208; baseline 0.004 -12"><span class='ocrx_word' id='word_1_254' title='bbox 737 1166 828 1203; x_wconf 82' lang='lat' dir='ltr'><strong>licet,</strong></span> <span class='ocrx_word' id='word_1_255' title='bbox 853 1165 1016 1206; x_wconf 81' lang='lat' dir='ltr'><strong>perfruere</strong></span> <span class='ocrx_word' id='word_1_256' title='bbox 1038 1166 1111 1195; x_wconf 82' lang='lat' dir='ltr'><strong>vitae</strong></span> <span class='ocrx_word' id='word_1_257' title='bbox 1133 1167 1304 1208; x_wconf 84' lang='lat' dir='ltr'><strong>voluptati-</strong></span> 
     </span>
     <span class='ocr_line' id='line_1_52' title="bbox 740 1211 1304 1253; baseline 0.004 -11"><span class='ocrx_word' id='word_1_258' title='bbox 740 1213 818 1250; x_wconf 79' lang='lat' dir='ltr'><strong>bus3</strong></span> <span class='ocrx_word' id='word_1_259' title='bbox 846 1211 961 1242; x_wconf 64' lang='lat' dir='ltr'><strong>frustra</strong></span> <span class='ocrx_word' id='word_1_260' title='bbox 989 1213 1074 1242; x_wconf 87' lang='lat' dir='ltr'><strong>enim</strong></span> <span class='ocrx_word' id='word_1_261' title='bbox 1098 1212 1215 1253; x_wconf 81' lang='lat' dir='ltr'><strong>opibus</strong></span> <span class='ocrx_word' id='word_1_262' title='bbox 1245 1213 1304 1244; x_wconf 81' lang='lat' dir='ltr'><strong>dif-</strong></span> 
     </span>
     <span class='ocr_line' id='line_1_53' title="bbox 740 1257 1307 1300; baseline 0.004 -12"><span class='ocrx_word' id='word_1_263' title='bbox 740 1258 830 1297; x_wconf 89' lang='lat' dir='ltr'><strong>ssuis;</strong></span> <span class='ocrx_word' id='word_1_264' title='bbox 854 1257 970 1288; x_wconf 70' lang='lat' dir='ltr'><strong>frustra</strong></span> <span class='ocrx_word' id='word_1_265' title='bbox 993 1259 1123 1288; x_wconf 81' lang='lat' dir='ltr'><strong>summis</strong></span> <span class='ocrx_word' id='word_1_266' title='bbox 1147 1260 1307 1300; x_wconf 86' lang='lat' dir='ltr'><strong>magistra-</strong></span> 
     </span>
     <span class='ocr_line' id='line_1_54' title="bbox 740 1304 1308 1342; baseline 0.002 -7"><span class='ocrx_word' id='word_1_267' title='bbox 740 1304 843 1341; x_wconf 81' lang='lat' dir='ltr'><strong>tibus,</strong></span> <span class='ocrx_word' id='word_1_268' title='bbox 860 1305 908 1334; x_wconf 86' lang='lat' dir='ltr'><strong>vir</strong></span> <span class='ocrx_word' id='word_1_269' title='bbox 930 1304 1118 1342; x_wconf 84' lang='lat' dir='ltr'><strong>consularis,</strong></span> <span class='ocrx_word' id='word_1_270' title='bbox 1138 1304 1308 1336; x_wconf 82' lang='lat' dir='ltr'><strong>defunctus</strong></span> 
     </span>
     <span class='ocr_line' id='line_1_55' title="bbox 742 1350 1308 1389; baseline 0.004 -9"><span class='ocrx_word' id='word_1_271' title='bbox 742 1362 789 1388; x_wconf 83' lang='lat' dir='ltr'><strong>es;</strong></span> <span class='ocrx_word' id='word_1_272' title='bbox 811 1361 897 1381; x_wconf 85' lang='lat' dir='ltr'><strong>mors</strong></span> <span class='ocrx_word' id='word_1_273' title='bbox 915 1350 989 1389; x_wconf 83' lang='lat' dir='ltr'><strong>tibi,</strong></span> <span class='ocrx_word' id='word_1_274' title='bbox 1011 1357 1047 1381; x_wconf 87' lang='lat' dir='ltr'><strong>ut</strong></span> <span class='ocrx_word' id='word_1_275' title='bbox 1061 1352 1133 1388; x_wconf 75' lang='lat' dir='ltr'><strong>Ito,</strong></span> <span class='ocrx_word' id='word_1_276' title='bbox 1153 1358 1191 1381; x_wconf 85' lang='lat' dir='ltr'><strong>ut</strong></span> <span class='ocrx_word' id='word_1_277' title='bbox 1209 1352 1308 1382; x_wconf 81' lang='lat' dir='ltr'><strong>servis</strong></span> 
     </span>
     <span class='ocr_line' id='line_1_56' title="bbox 743 1398 1309 1429; baseline 0 -1"><span class='ocrx_word' id='word_1_278' title='bbox 743 1398 806 1428; x_wconf 78' lang='lat' dir='ltr'><strong>tuis</strong></span> <span class='ocrx_word' id='word_1_279' title='bbox 823 1398 980 1428; x_wconf 88' lang='lat' dir='ltr'><strong>imminet.</strong></span> <span class='ocrx_word' id='word_1_280' title='bbox 994 1399 1070 1428; x_wconf 86' lang='lat' dir='ltr'><strong>Post</strong></span> <span class='ocrx_word' id='word_1_281' title='bbox 1082 1404 1218 1428; x_wconf 83' lang='lat' dir='ltr'><strong>mortem</strong></span> <span class='ocrx_word' id='word_1_282' title='bbox 1233 1398 1309 1429; x_wconf 69' lang='lat' dir='ltr'><strong>vero</strong></span> 
     </span>
     <span class='ocr_line' id='line_1_57' title="bbox 744 1443 1308 1486; baseline 0.002 -12"><span class='ocrx_word' id='word_1_283' title='bbox 744 1454 804 1474; x_wconf 89' lang='lat' dir='ltr'><strong>nec</strong></span> <span class='ocrx_word' id='word_1_284' title='bbox 824 1443 1126 1481; x_wconf 79' lang='lat' dir='ltr'><strong>comessationibus,</strong></span> <span class='ocrx_word' id='word_1_285' title='bbox 1150 1454 1254 1486; x_wconf 87' lang='lat' dir='ltr'><strong>neque</strong></span> <span class='ocrx_word' id='word_1_286' title='bbox 1277 1455 1308 1475; x_wconf 89' lang='lat' dir='ltr'><strong>a·</strong></span> 
     </span>
     <span class='ocr_line' id='line_1_58' title="bbox 744 1489 1308 1532; baseline 0.004 -12"><span class='ocrx_word' id='word_1_287' title='bbox 744 1492 841 1520; x_wconf 88' lang='lat' dir='ltr'><strong>moris</strong></span> <span class='ocrx_word' id='word_1_288' title='bbox 861 1490 983 1520; x_wconf 84' lang='lat' dir='ltr'><strong>lusibus</strong></span> <span class='ocrx_word' id='word_1_289' title='bbox 1002 1489 1167 1532; x_wconf 83' lang='lat' dir='ltr'><strong>indulgere</strong></span> <span class='ocrx_word' id='word_1_290' title='bbox 1188 1490 1308 1522; x_wconf 78' lang='lat' dir='ltr'><strong>licebit.</strong></span> 
     </span>
     <span class='ocr_line' id='line_1_59' title="bbox 745 1536 1309 1579; baseline 0.004 -13"><span class='ocrx_word' id='word_1_291' title='bbox 745 1555 791 1561; x_wconf 90' lang='lat'><strong>—-</strong></span> <span class='ocrx_word' id='word_1_292' title='bbox 805 1537 918 1567; x_wconf 82' lang='lat' dir='ltr'><strong>Pulsac</strong></span> <span class='ocrx_word' id='word_1_293' title='bbox 934 1536 1020 1577; x_wconf 83' lang='lat' dir='ltr'><strong>pede</strong></span> <span class='ocrx_word' id='word_1_294' title='bbox 1039 1547 1050 1566; x_wconf 89' lang='lat'><em>:</em></span> <span class='ocrx_word' id='word_1_295' title='bbox 1075 1537 1217 1579; x_wconf 85' lang='lat' dir='ltr'><strong>intellige</strong></span> <span class='ocrx_word' id='word_1_296' title='bbox 1235 1538 1309 1568; x_wconf 84' lang='lat' dir='ltr'><strong>sim-</strong></span> 
     </span>
     <span class='ocr_line' id='line_1_60' title="bbox 745 1582 1311 1625; baseline 0.002 -12"><span class='ocrx_word' id='word_1_297' title='bbox 745 1583 870 1624; x_wconf 86' lang='lat' dir='ltr'><strong>pliciter</strong></span> <span class='ocrx_word' id='word_1_298' title='bbox 894 1592 902 1614; x_wconf 88' lang='lat'><strong>:</strong></span> <span class='ocrx_word' id='word_1_299' title='bbox 926 1582 1046 1613; x_wconf 82' lang='lat' dir='ltr'><strong>accedit</strong></span> <span class='ocrx_word' id='word_1_300' title='bbox 1070 1582 1109 1613; x_wconf 87' lang='lat' dir='ltr'><strong>ad</strong></span> <span class='ocrx_word' id='word_1_301' title='bbox 1134 1593 1311 1625; x_wconf 87' lang='lat' dir='ltr'><strong>pauperum</strong></span> 
     </span>
     <span class='ocr_line' id='line_1_61' title="bbox 744 1630 1310 1670; baseline 0.002 -11"><span class='ocrx_word' id='word_1_302' title='bbox 744 1630 888 1659; x_wconf 77' lang='lat' dir='ltr'><strong>tabernas</strong></span> <span class='ocrx_word' id='word_1_303' title='bbox 897 1651 905 1667; x_wconf 92' lang='lat'><strong>‚</strong></span> <span class='ocrx_word' id='word_1_304' title='bbox 917 1631 1018 1659; x_wconf 79' lang='lat' dir='ltr'><strong>intrat</strong></span> <span class='ocrx_word' id='word_1_305' title='bbox 1031 1630 1066 1659; x_wconf 89' lang='lat' dir='ltr'><strong>in</strong></span> <span class='ocrx_word' id='word_1_306' title='bbox 1081 1639 1191 1670; x_wconf 85' lang='lat' dir='ltr'><strong>regum</strong></span> <span class='ocrx_word' id='word_1_307' title='bbox 1208 1637 1310 1660; x_wconf 83' lang='lat' dir='ltr'><strong>turres</strong></span> 
     </span>
     <span class='ocr_line' id='line_1_62' title="bbox 744 1675 1310 1716; baseline 0.002 -10"><span class='ocrx_word' id='word_1_308' title='bbox 744 1682 776 1706; x_wconf 90' lang='lat' dir='ltr'><strong>et</strong></span> <span class='ocrx_word' id='word_1_309' title='bbox 793 1675 917 1716; x_wconf 81' lang='lat' dir='ltr'><strong>palatia.</strong></span> <span class='ocrx_word' id='word_1_310' title='bbox 931 1677 981 1707; x_wconf 90' lang='lat' dir='ltr'><strong>Sic</strong></span> <span class='ocrx_word' id='word_1_311' title='bbox 995 1676 1128 1713; x_wconf 81' lang='lat' dir='ltr'><strong>Statius,</strong></span> <span class='ocrx_word' id='word_1_312' title='bbox 1141 1675 1260 1707; x_wconf 81' lang='lat' dir='ltr'><strong>Achill.</strong></span> <span class='ocrx_word' id='word_1_313' title='bbox 1277 1678 1310 1714; x_wconf 88' lang='grc' dir='ltr'><strong>Ι,</strong></span> 
     </span>
     <span class='ocr_line' id='line_1_63' title="bbox 750 1719 1311 1763; baseline 0.002 -11"><span class='ocrx_word' id='word_1_314' title='bbox 750 1733 787 1752; x_wconf 85' lang='lat' dir='ltr'><strong>xo</strong></span> <span class='ocrx_word' id='word_1_315' title='bbox 804 1732 815 1752; x_wconf 91' lang='lat'><strong>.·</strong></span> <span class='ocrx_word' id='word_1_316' title='bbox 842 1722 955 1763; x_wconf 85' lang='lat' dir='ltr'><strong>Neque</strong></span> <span class='ocrx_word' id='word_1_317' title='bbox 979 1719 1066 1752; x_wconf 76' lang='lat' dir='ltr'><strong>enim</strong></span> <span class='ocrx_word' id='word_1_318' title='bbox 1093 1721 1233 1752; x_wconf 80' lang='lat' dir='ltr'><strong>Aonium</strong></span> <span class='ocrx_word' id='word_1_319' title='bbox 1255 1732 1311 1753; x_wconf 78' lang='lat' dir='ltr'><strong>ne-</strong></span> 
     </span>
     <span class='ocr_line' id='line_1_64' title="bbox 745 1767 1311 1808; baseline 0.002 -10"><span class='ocrx_word' id='word_1_320' title='bbox 745 1779 812 1798; x_wconf 83' lang='lat' dir='ltr'><strong>mus</strong></span> <span class='ocrx_word' id='word_1_321' title='bbox 834 1768 960 1798; x_wconf 78' lang='lat' dir='ltr'><strong>advena</strong></span> <span class='ocrx_word' id='word_1_322' title='bbox 970 1767 1075 1808; x_wconf 82' lang='lat' dir='ltr'><strong>pulso.</strong></span> <span class='ocrx_word' id='word_1_323' title='bbox 1093 1768 1208 1799; x_wconf 86' lang='lat' dir='ltr'><strong>Notior</strong></span> <span class='ocrx_word' id='word_1_324' title='bbox 1229 1768 1311 1799; x_wconf 75' lang='lat' dir='ltr'><strong>Mal-</strong></span> 
     </span>
     <span class='ocr_line' id='line_1_65' title="bbox 743 1813 1311 1855; baseline 0.002 -11"><span class='ocrx_word' id='word_1_325' title='bbox 743 1814 847 1845; x_wconf 85' lang='lat' dir='ltr'><strong>herbii</strong></span> <span class='ocrx_word' id='word_1_326' title='bbox 868 1815 1002 1846; x_wconf 82' lang='lat' dir='ltr'><strong>imitatio</strong></span> <span class='ocrx_word' id='word_1_327' title='bbox 1019 1813 1116 1855; x_wconf 69' lang='lat' dir='ltr'><strong>quam</strong></span> <span class='ocrx_word' id='word_1_328' title='bbox 1133 1821 1170 1845; x_wconf 83' lang='lat' dir='ltr'><strong>ut</strong></span> <span class='ocrx_word' id='word_1_329' title='bbox 1187 1813 1240 1845; x_wconf 86' lang='lat' dir='ltr'><strong>hie</strong></span> <span class='ocrx_word' id='word_1_330' title='bbox 1262 1815 1311 1845; x_wconf 86' lang='lat' dir='ltr'><strong>in·</strong></span> 
     </span>
     <span class='ocr_line' id='line_1_66' title="bbox 743 1868 873 1892; baseline 0.008 -1"><span class='ocrx_word' id='word_1_331' title='bbox 743 1868 873 1892; x_wconf 80' lang='lat' dir='ltr'><strong>seratur.</strong></span> 
     </span>
    </p>
   </div>
   <div class='ocr_carea' id='block_1_7' title="bbox 796 1902 1336 1948">
    <p class='ocr_par' dir='ltr' id='par_1_18' title="bbox 796 1902 1336 1948">
     <span class='ocr_line' id='line_1_67' title="bbox 796 1902 1336 1948; baseline 0.002 -11"><span class='ocrx_word' id='word_1_332' title='bbox 796 1909 847 1938; x_wconf 81' lang='lat'><strong>13.</strong></span> <span class='ocrx_word' id='word_1_333' title='bbox 870 1907 898 1936; x_wconf 94' lang='grc' dir='ltr'><em>Ο</em></span> <span class='ocrx_word' id='word_1_334' title='bbox 919 1907 1012 1937; x_wconf 81' lang='lat' dir='ltr'><strong>beate</strong></span> <span class='ocrx_word' id='word_1_335' title='bbox 1033 1905 1130 1942; x_wconf 80' lang='lat' dir='ltr'><strong>Sesti,</strong></span> <span class='ocrx_word' id='word_1_336' title='bbox 1148 1907 1310 1948; x_wconf 79' lang='lat' dir='ltr'><strong>opulente.</strong></span> <span class='ocrx_word' id='word_1_337' title='bbox 1334 1902 1336 1905; x_wconf 58' lang='grc'><strong>”</strong></span> 
     </span>
    </p>
   </div>
   <div class='ocr_carea' id='block_1_8' title="bbox 745 1952 1313 2275">
    <p class='ocr_par' dir='ltr' id='par_1_19' title="bbox 745 1952 1313 2275">
     <span class='ocr_line' id='line_1_68' title="bbox 745 1952 1311 1990; baseline 0.002 -7"><span class='ocrx_word' id='word_1_338' title='bbox 745 1971 791 1978; x_wconf 57' lang='grc'><strong>«-</strong></span> <span class='ocrx_word' id='word_1_339' title='bbox 807 1955 838 1982; x_wconf 93' lang='lat' dir='ltr'><em>V</em></span> <span class='ocrx_word' id='word_1_340' title='bbox 836 1953 891 1983; x_wconf 80' lang='lat' dir='ltr'><strong>itae</strong></span> <span class='ocrx_word' id='word_1_341' title='bbox 912 1963 1038 1983; x_wconf 73' lang='lat' dir='ltr'><strong>summa</strong></span> <span class='ocrx_word' id='word_1_342' title='bbox 1061 1952 1178 1990; x_wconf 78' lang='lat' dir='ltr'><strong>brevis,</strong></span> <span class='ocrx_word' id='word_1_343' title='bbox 1199 1953 1311 1984; x_wconf 84' lang='lat' dir='ltr'><strong>eodem</strong></span> 
     </span>
     <span class='ocr_line' id='line_1_69' title="bbox 746 1998 1313 2040; baseline 0.002 -10"><span class='ocrx_word' id='word_1_344' title='bbox 746 2010 839 2030; x_wconf 86' lang='lat' dir='ltr'><strong>sensu</strong></span> <span class='ocrx_word' id='word_1_345' title='bbox 851 2010 916 2040; x_wconf 91' lang='lat' dir='ltr'><strong>quo</strong></span> <span class='ocrx_word' id='word_1_346' title='bbox 931 1998 1013 2029; x_wconf 61' lang='lat' dir='ltr'><strong>infra</strong></span> <span class='ocrx_word' id='word_1_347' title='bbox 1026 2000 1084 2036; x_wconf 86' lang='lat' dir='ltr'><strong>IV,</strong></span> <span class='ocrx_word' id='word_1_348' title='bbox 1100 2009 1131 2038; x_wconf 86' lang='lat'><strong>7,</strong></span> <span class='ocrx_word' id='word_1_349' title='bbox 1152 2010 1189 2038; x_wconf 81' lang='lat'><strong>17</strong></span> <span class='ocrx_word' id='word_1_350' title='bbox 1208 2009 1216 2031; x_wconf 90' lang='lat'>:</span> <span class='ocrx_word' id='word_1_351' title='bbox 1235 1999 1313 2040; x_wconf 73' lang='lat' dir='ltr'><strong>Quis</strong></span> 
     </span>
     <span class='ocr_line' id='line_1_70' title="bbox 746 2043 1310 2087; baseline 0.002 -12"><span class='ocrx_word' id='word_1_352' title='bbox 746 2046 803 2076; x_wconf 80' lang='lat' dir='ltr'><strong>scit</strong></span> <span class='ocrx_word' id='word_1_353' title='bbox 821 2056 864 2076; x_wconf 83' lang='lat' dir='ltr'><strong>an</strong></span> <span class='ocrx_word' id='word_1_354' title='bbox 880 2044 1039 2087; x_wconf 79' lang='lat' dir='ltr'><strong>adjiciam</strong></span> <span class='ocrx_word' id='word_1_355' title='bbox 1051 2043 1212 2076; x_wconf 73' lang='lat' dir='ltr'><strong>hodiemae</strong></span> <span class='ocrx_word' id='word_1_356' title='bbox 1225 2055 1310 2076; x_wconf 78' lang='lat' dir='ltr'><strong>eras·</strong></span> 
     </span>
     <span class='ocr_line' id='line_1_71' title="bbox 746 2089 1311 2132; baseline 0 -10"><span class='ocrx_word' id='word_1_357' title='bbox 746 2091 815 2123; x_wconf 81' lang='lat' dir='ltr'><strong>tina</strong></span> <span class='ocrx_word' id='word_1_358' title='bbox 823 2103 953 2123; x_wconf 81' lang='lat' dir='ltr'><strong>summa·</strong></span> <span class='ocrx_word' id='word_1_359' title='bbox 969 2094 1127 2132; x_wconf 83' lang='lat' dir='ltr'><strong>Tempora</strong></span> <span class='ocrx_word' id='word_1_360' title='bbox 1138 2089 1181 2123; x_wconf 68' lang='lat' dir='ltr'><strong>df</strong></span> <span class='ocrx_word' id='word_1_361' title='bbox 1182 2091 1288 2132; x_wconf 79' lang='lat' dir='ltr'><strong>superi</strong></span> <span class='ocrx_word' id='word_1_362' title='bbox 1293 2096 1311 2122; x_wconf 58' lang='grc' dir='ltr'><strong>,ὃ</strong></span> 
     </span>
     <span class='ocr_line' id='line_1_72' title="bbox 745 2137 1311 2180; baseline 0 -12"><span class='ocrx_word' id='word_1_363' title='bbox 745 2157 790 2163; x_wconf 89' lang='grc'>-</span> <span class='ocrx_word' id='word_1_364' title='bbox 824 2140 916 2180; x_wconf 82' lang='lat' dir='ltr'><strong>Spem</strong></span> <span class='ocrx_word' id='word_1_365' title='bbox 948 2150 1005 2169; x_wconf 84' lang='lat' dir='ltr'><strong>nos</strong></span> <span class='ocrx_word' id='word_1_366' title='bbox 1034 2146 1129 2169; x_wconf 81' lang='lat' dir='ltr'><strong>vetat</strong></span> <span class='ocrx_word' id='word_1_367' title='bbox 1159 2137 1311 2169; x_wconf 75' lang='lat' dir='ltr'><strong>inchoare</strong></span> 
     </span>
     <span class='ocr_line' id='line_1_73' title="bbox 746 2185 1308 2227; baseline 0 -12"><span class='ocrx_word' id='word_1_368' title='bbox 746 2186 875 2227; x_wconf 76' lang='lat' dir='ltr'><strong>longam</strong></span> <span class='ocrx_word' id='word_1_369' title='bbox 892 2196 903 2215; x_wconf 91' lang='lat'><em>:</em></span> <span class='ocrx_word' id='word_1_370' title='bbox 918 2193 1003 2216; x_wconf 81' lang='lat' dir='ltr'><strong>vetat</strong></span> <span class='ocrx_word' id='word_1_371' title='bbox 1024 2185 1174 2216; x_wconf 78' lang='lat' dir='ltr'><strong>inchoare</strong></span> <span class='ocrx_word' id='word_1_372' title='bbox 1197 2195 1308 2226; x_wconf 84' lang='lat' dir='ltr'><strong>opera,</strong></span> 
     </span>
     <span class='ocr_line' id='line_1_74' title="bbox 747 2231 1309 2275; baseline 0 -13"><span class='ocrx_word' id='word_1_373' title='bbox 747 2233 877 2266; x_wconf 81' lang='lat' dir='ltr'><strong>consilia</strong></span> <span class='ocrx_word' id='word_1_374' title='bbox 899 2233 1013 2275; x_wconf 82' lang='lat' dir='ltr'><strong>quibus</strong></span> <span class='ocrx_word' id='word_1_375' title='bbox 1038 2231 1238 2270; x_wconf 76' lang='lat' dir='ltr'><strong>absolvendis</strong></span> <span class='ocrx_word' id='word_1_376' title='bbox 1258 2232 1309 2263; x_wconf 66' lang='lat' dir='ltr'><strong>*vi-</strong></span> 
     </span>
    </p>
   </div>
  </div>
 </body>
</html>
