1456 2508
510 164 588 196 LIB.
614 164 630 193 1
655 163 743 195 ODE
766 163 910 193 XXVII.

1258 167 1318 186 111

211 225 374 274 Depone
391 222 484 260 tutis
504 220 665 260 auribus
683 218 710 257 ⁵.
727 241 781 248 —
796 220 858 257 Ah
869 220 1015 258 l-tmiser

265 284 420 330 Quantzi
436 282 588 321 laboras
608 282 648 319 in
664 280 863 331 Charybdi

318 345 442 396 Digne
458 348 555 396 p'uer
573 343 732 382 meliore
752 342 923 379 flammei!

215 408 312 452 Quae
332 418 422 456 saga
438 409 474 452 ⁶,
493 405 579 456 quis
599 414 636 443 te
656 405 807 441 solvere
827 402 1018 440 Thessalis

212 466 350 516 Magus
368 465 547 512 venenis,
566 464 652 515 quis
673 463 817 514 poterit
835 463 968 500 Deus?

264 526 342 564 Vix
359 525 547 577 illigatum
564 533 602 562 te
618 523 786 562 triformi
1023 523 1026 525 ’

317 588 486 638 Pegasus
506 583 684 637 expediet
704 583 904 622 Chimaerai.

154 709 185 746 5.
200 709 334 749 Depone
355 706 429 738 tucis
448 706 577 738 auribus
598 717 608 736 .·
634 706 687 737 hie

105 757 211 787 Poetae
222 764 326 785 sermo
341 754 571 796 aliquantisper
588 755 687 784 inter-

104 802 286 843 rumpitnr3
299 801 389 832 audit
404 801 467 831 sibi
479 801 686 831 commissum

103 847 220 890 puellae
243 858 380 886 nomen,
395 854 427 878 et
451 847 557 878 statim
581 847 686 878 excla-

103 902 187 934 mat,
207 894 261 926 Ah
272 897 286 925 .'
303 895 422 926 miser!
442 894 533 936 quod
549 905 607 936 per
625 893 686 925 ho—

103 949 211 973 nectos
232 943 327 973 amici
346 952 452 973 mores
470 942 686 984 praesumsisse

102 989 287 1032 prohibitus
324 990 450 1027 fuerat,
493 988 583 1020 nilne
617 989 686 1028 ejus

103 1035 304 1068 confessione
328 1036 463 1067 edoctus
473 1059 482 1074 ,
501 1036 683 1074 admittere,

104 1090 136 1115 et
151 1082 268 1115 leniter
280 1083 472 1126 reprendere
483 1084 622 1124 cogitur.
638 1100 686 1107 —

107 1128 242 1172 Quantd
268 1130 399 1162 laboras
433 1130 468 1161 in
502 1129 687 1170 Charybdi!

104 1184 228 1220 quanto
237 1179 372 1210 versaris
379 1179 414 1208 in
423 1177 581 1220 periculo!
590 1176 687 1218 quam

104 1234 251 1267 rapacem
274 1231 306 1256 et
333 1234 461 1255 avaram
485 1225 687 1255 meretricem

103 1270 251 1314 (propter
257 1273 464 1303 voracitatem
471 1270 636 1313 Charybdi
643 1279 688 1303 at-

102 1317 271 1362 tributam)
279 1325 393 1349 nactus
399 1317 627 1360 eslcharyhdis
633 1329 688 1349 au-

102 1371 168 1399 mn
178 1366 341 1400 notissima
351 1366 474 1396 Italiam
482 1366 604 1396 interet
613 1367 687 1397 Sici-

101 1411 177 1444 liam
187 1423 318 1456 vorago,
327 1412 367 1444 de
377 1411 452 1455 qua,
463 1419 501 1452 ut
512 1411 552 1443 de
567 1412 684 1454 Scylla,

102 1458 251 1502 oppositi
265 1461 431 1503 voragine,
444 1459 576 1490 consule
592 1460 685 1501 Virg.

102 1508 175 1539 AEn.
205 1508 273 1547 111,
296 1513 363 1546 420
383 1518 431 1549 sq.

151 1553 184 1585 6.
202 1555 284 1596 Quoe
293 1565 375 1598 saga
385 1558 404 1586 ‚³
417 1564 489 1596 quae
504 1554 622 1585 mulier
635 1555 686 1585 in-

103 1601 432 1643 οωῑαηὶιὲ--ριιίε
462 1612 576 1644 magus
593 1605 611 1632 ,ν’
640 1609 687 1632 est

102 1657 234 1690 magus,
253 1650 311 1690 qni
325 1647 485 1680 veneficas
508 1655 540 1679 et
560 1648 686 1690 legibus

101 1694 283 1736 prohibitas
306 1702 389 1727 artes
417 1702 557 1727 exercet.
582 1694 684 1734 Nam,

103 1739 180 1778 dun
206 1742 320 1785 Magi,
341 1742 427 1784 apud
453 1745 583 1781 Persas,
608 1742 685 1773 deo-

101 1798 176 1826 rum
209 1789 314 1821 cultui
337 1800 448 1820 vacare
471 1789 630 1828 solerent,
649 1791 685 1820 in

103 1832 231 1869 tantem
250 1835 362 1878 postea
385 1843 479 1868 aucta
502 1843 550 1867 est
572 1847 684 1867 eorum

103 1882 247 1922 vanitas,
264 1889 303 1914 ut
324 1894 392 1915 non
409 1882 515 1914 solum
533 1883 683 1915 ohserva-

103 1929 192 1959 tione
210 1928 352 1961 siderum
370 1930 478 1961 futura
499 1930 684 1972 praedicere,

104 1974 160 2006 sed
192 1976 316 2007 artibus
342 1977 467 2019 populo
494 1978 685 2020 incognitiS,

103 2028 136 2052 ct
157 2021 342 2062 maleficiis,
357 2026 438 2055 scire
462 2034 495 2055 se
529 2026 638 2055 omnia
654 2031 686 2055 et

103 2070 688 2112 agereposseprofiterentnn—-lees-

101 2114 182 2147 calis
207 2117 350 2149 ‘venenis
368 2129 380 2148 :
402 2118 564 2150 Thessalia
575 2141 584 2156 ,
599 2119 688 2159 regio

102 2161 236 2195 (ἱκεσίας
263 2164 305 2196 ad
324 2165 507 2204 Orientem,
521 2165 606 2196 inter
623 2167 691 2196 Ma·

743 704 928 744 cedoniam,
949 703 1141 740 Albaniam,
1166 703 1319 733 Achaiam

741 745 782 782 et¹
803 762 889 782 mare
912 754 1053 794 AEgaeum
1067 773 1076 789 ‚
1101 750 1205 781 Urbes
1223 750 1321 780 habe-

741 798 798 829 bat
823 800 1001 840 praecipuas
1023 798 1197 836 Larissam,
1222 797 1319 828 Phar-

740 845 842 876 salum
852 869 861 884 ,
885 845 1051 887 Philippos
1059 868 1068 883 ,
1090 844 1301 887 Termopylas
1313 856 1321 883 ;

739 892 878 923 fluvium
909 893 1004 930 verb,
1023 894 1176 923 Peneum.
1203 894 1242 922 In
1272 891 1323 922 eii-

741 940 814 970 dem
832 940 1015 981 frequentes
1030 938 1185 977 venefici,
1201 946 1233 969 et
1250 939 1323 969 her-

740 987 790 1018 bae
813 987 940 1018 idoneae
961 988 1029 1018 istis
1048 986 1180 1018 artibus.
1197 1005 1242 1010 -—
1261 989 1324 1017 Pe-

737 1045 837 1077 gasus
848 1046 859 1064 .·
877 1045 980 1076 equus
997 1034 1116 1072 alatus,
1133 1034 1149 1064 e
1167 1034 1322 1076 sanguine

739 1081 884 1113 Medusae
894 1105 903 1120 ,
914 1080 988 1112 cum
1001 1081 1098 1122 hujus
1108 1088 1206 1123 caput
1218 1080 1236 1111 ὲ
1250 1083 1325 1112 Per-

741 1140 795 1160 seo
842 1128 1101 1166 abscinderetur,
1143 1136 1235 1159 natus
1246 1151 1255 1167 ,
1289 1139 1323 1159 ac

741 1178 878 1218 Pegasus
893 1175 1020 1215 dictus,
1037 1176 1112 1217 quia
1130 1176 1233 1218 prope
1253 1175 1325 1207 sou-

742 1230 806 1254 tem
822 1230 914 1254 ortus
930 1230 1016 1262 erat,
1030 1223 1066 1253 in
1085 1233 1123 1253 eo
1137 1222 1210 1254 loco
1228 1234 1325 1264 quem

742 1271 910 1313 Gorgones
946 1269 1137 1301 incolebant
1165 1280 1173 1301 :
1207 1268 1298 1315 πηγὴ
1316 1294 1325 1309 ,

731 1317 825 1360 fons.
846 1320 957 1359 Equus
978 1324 1085 1348 autem
1103 1317 1158 1348 ille
1175 1318 1235 1348 ubi
1258 1318 1326 1359 pri-

741 1363 832 1395 mum
846 1371 893 1395 est
909 1365 1015 1394 editus
1031 1364 1171 1395 evolavit
1183 1366 1218 1395 in
1234 1375 1326 1396 mou-

742 1418 806 1442 tem
833 1411 1044 1450 Heliconem,
1070 1411 1182 1452 ibique
1213 1422 1328 1443 saxum

743 1457 865 1500 ungula
891 1458 1008 1490 feriens
1035 1458 1157 1488 fontem
1180 1461 1326 1501 aperuit,

742 1507 800 1546 qui
825 1516 866 1536 ex
889 1516 927 1537 eo
951 1507 1177 1546 Hippocrene,
1195 1506 1229 1536 id
1256 1514 1345 1546 est,⁴

741 1553 814 1583 fons
829 1554 906 1594 equi
918 1575 926 1591 ,
946 1550 1046 1583 ἵππου
1065 1554 1162 1596 κρῆνη
1174 1577 1182 1591 ,
1203 1560 1250 1585 est
1268 1565 1324 1596 ap-

740 1599 887 1641 pellatus.
906 1618 955 1623 —-
972 1599 1125 1642 Trijbrmi
1151 1599 1303 1632 Chimera
1314 1613 1326 1631 .-

741 1654 922 1678 monstrum
936 1648 1033 1678 fuisse
1050 1648 1142 1678 aiunt
1158 1649 1194 1678 in
1207 1647 1306 1691 Lycia
1316 1671 1325 1687 ‚

740 1695 826 1725 Asiae
836 1695 970 1725 minoris
982 1695 1114 1736 regione
1123 1717 1132 1732 ‚
1148 1696 1326 1727 conflatum

740 1741 758 1772 ὲ
780 1741 884 1772 tribus
909 1741 1001 1780 feris,
1027 1742 1138 1780 leone,
1162 1742 1275 1785 capra,
1295 1750 1327 1774 et

739 1789 906 1831 ignivomo
934 1789 1087 1820 dracone.
1115 1790 1204 1821 Illud
1224 1791 1328 1822 Belle-

738 1835 868 1877 rophon
895 1835 1049 1867 domuit:
1074 1847 1168 1868 mous
1196 1846 1264 1869 erat
1290 1839 1327 1869 in

740 1884 832 1923 cujus
862 1893 990 1914 summo
1022 1883 1228 1916 stabulahant
1258 1886 1327 1917 leo-

739 1940 796 1960 nes
807 1953 816 1968 ,
830 1936 862 1961 et
881 1929 1018 1961 flammae
1032 1930 1209 1963 identidem
1223 1943 1330 1963 erum-

739 1977 860 2018 pebant
877 1987 886 2009 ε
909 1978 946 2008 in
964 1977 1071 2009 medio
1088 1989 1195 2021 caprae
1218 1990 1327 2021 pasce-

739 2023 876 2063 bantur;
890 2025 927 2055 in
940 2025 1008 2056 imo
1025 2025 1180 2058 dracones
1198 2026 1324 2058 delites-

743 2071 876 2109 cebant3
891 2071 1029 2113 fecitque
1052 2073 1269 2116 Bellerophon
1287 2081 1326 2105 ut

742 2119 802 2149 iste
823 2129 916 2149 mons
934 2118 1073 2151 habitari
1100 2122 1172 2152 tuto
1200 2128 1232 2152 et
1259 2121 1323 2152 coli

744 2173 863 2207 posset.

476 2301 932 2320 ῇ-ᾤ--ω
